4492 5809
404 572 1120 698 ranaenaaoon
1315 597 1479 721 μς·

137 838 247 951 snpra
313 825 485 946 primum
533 849 572 916 et
621 830 808 918 ultimum
861 835 1117 919 immersionis
1167 854 1415 921 momentum

141 963 313 1067 uocaui,
361 960 454 1045 finnt
491 959 638 1068 aliquot
688 959 946 1068 hypotheses:
1004 965 1225 1073 contingere
1275 984 1419 1070 nempe

142 1095 373 1201 supponatur
402 1086 599 1173 immersio
629 1111 701 1195 pro
731 1088 821 1170 dato
849 1088 969 1200 loco,
1002 1092 1216 1175 momentis
1247 1090 1420 1195 T÷r¹,

145 1242 185 1303 et
215 1212 383 1323 T-l-l,
415 1240 512 1324 quae
543 1238 641 1299 uero
670 1232 873 1300 momento
903 1221 1003 1301 intra
1036 1215 1179 1301 limites
1213 1218 1250 1305 R
1301 1236 1345 1301 et
1390 1208 1422 1303 S

145 1348 283 1432 cadere
332 1348 485 1433 debent.
583 1341 650 1426 Ad
679 1342 774 1427 haec
807 1362 989 1454 temporo
1021 1346 1354 1454 determinentur,
1381 1366 1426 1449 o,

148 1466 204 1583 Φ,
237 1500 281 1560 ac
312 1471 347 1580 1,
376 1496 416 1557 et
446 1492 497 1553 ex
528 1470 761 1579 posteriori,
805 1472 945 1580 rogulo
978 1494 1126 1585 nempe
1154 1471 1191 1579 1,
1222 1474 1428 1585 inuestige·

149 1627 211 1689 tut
238 1627 266 1687 r
293 1605 388 1686 dato
415 1600 508 1683 loco
541 1616 578 1681 et
608 1597 780 1707 tempori
808 1599 1051 1709 respondem.
1149 1598 1309 1683 annree
1365 1599 1427 1687 isti

147 1734 190 1815 in
222 1730 427 1815 formulam
459 1728 568 1834 snpra
597 1747 749 1811 erutam
800 1725 1040 1833 introducti,
1084 1726 1113 1812 si
1161 1724 1282 1839 ipsam
1335 1750 1426 1813 eun·

150 1858 299 1944 nescere
331 1882 411 1942 non
439 1854 608 1961 facient,
656 1850 815 1936 difficile
870 1877 951 1935 non
1000 1854 1102 1960 erit,
1153 1852 1432 1963 interpolando

149 2008 334 2097 quaerere
383 2005 567 2091 tempus,
618 1983 720 2091 quod
759 1980 950 2065 eiusmodi
989 2004 1062 2090 pro
1090 2005 1134 2089 u,
1166 1969 1233 2088 Φ,
1262 1978 1283 2064 l
1312 2005 1356 2067 ec
1386 2003 1430 2085 r,

150 2112 364 2222 suppeditat
396 2110 580 2215 ualntes,
627 2109 693 2218 qui
723 2107 931 2193 formulam
963 2108 1133 2210 nostram
1167 2113 1217 2194 ad
1247 2132 1339 2197 zero
1370 2132 1432 2193 re-

152 2246 317 2350 digunt,
350 2240 473 2349 fitque
509 2236 708 2346 problema
741 2237 979 2347 propositum
1014 2232 1177 2344 soluunt.
1241 2235 1353 2323 Idem
1379 2236 1433 2323 de

154 2368 376 2453 emerfioois
405 2382 610 2449 momento
643 2361 882 2448 statuendum
921 2364 990 2446 esi.

308 2491 559 2575 Occasionem
593 2485 776 2595 praebent
825 2488 899 2569 hae
947 2486 1225 2596 disquisitiones
1270 2488 1438 2599 eleganti

156 2625 313 2709 cuidam
366 2615 596 2729 problemati
642 2612 905 2725 resoluendo,
964 2611 1104 2725 quod,
1170 2635 1439 2729 praeterquam

157 2753 264 2864 quod
317 2764 356 2828 et
404 2768 475 2854 per
524 2742 562 2823 se
602 2739 680 2823 huc
713 2742 933 2849 pertinent,
983 2743 1155 2828 laborem
1184 2748 1224 2829 io
1257 2741 1441 2859 superiori

156 2876 311 2965 calculo
341 2868 598 2955 deuorandum
634 2865 825 2977 insrgniter
856 2868 1087 2954 imminuere
1139 2872 1277 2986 ualet,
1329 2895 1444 2986 ptre·
1496 2864 1499 2871 ’

156 2999 351 3093 sertim-fi
384 3022 461 3081 non
490 3021 564 3106 pro
592 2998 744 3101 unico,
792 2994 856 3080 sed
886 3021 961 3107 pro
992 2997 1158 3111 pluribus
1186 2999 1312 3111 locis,
1362 3004 1444 3086 im·

157 3131 361 3222 merfionis
412 3147 526 3235 atque
577 3122 797 3207 emersionis
854 3146 1056 3209 momenta
1121 3132 1285 3215 eruenda
1345 3127 1444 3215 sunt.

159 3264 285 3375 Supra
336 3256 415 3339 iam
464 3251 674 3354 annotnui,
726 3249 831 3361 plnrn
869 3252 1019 3363 semper
1051 3248 1128 3340 ese
1159 3257 1327 3343 Telluris
1356 3256 1447 3341 luce

161 3384 460 3479 immersionem
492 3406 535 3465 ac
567 3376 823 3464 emersionem
857 3382 969 3471 simul
985 3383 1276 3493 conspicientia,
1307 3385 1445 3469 omnin

162 3546 266 3604 uero
298 3517 363 3597 illa
398 3513 480 3593 loca
513 3506 745 3619 deprehendi
779 3511 822 3592 iu
852 3508 997 3595 circulo
1028 3512 1196 3621 quodem
1230 3514 1271 3597 in
1310 3512 1350 3594 T
1353 3512 1449 3598 ellu-
1606 3558 1612 3567 ·

162 3652 221 3735 ris
251 3639 449 3753 superficie
481 3637 611 3720 ducto.
674 3637 779 3719 Fieri
807 3638 930 3749 itaque
966 3637 1129 3746 poten,
1179 3656 1224 3721 ut
1259 3640 1319 3725 isli
1364 3640 1448 3727 eir·

162 3776 278 3863 culi,
306 3790 356 3850 ex
387 3790 549 3876 qnorum
584 3764 795 3873 perimetro
830 3767 1034 3851 immersio
1060 3786 1124 3849 aut
1155 3767 1321 3852 emerfio
1350 3768 1448 3854 dete

165 3904 352 3990 videntur
385 3912 625 3994 momentu,
672 3876 759 3977 adiu
799 3892 1075 3999 designentur,
1123 3890 1190 3973 rel
1237 3894 1279 3973 in
1328 3896 1449 4004 globo

164 4026 401 4119 artificiali,
450 4026 514 4109 rel
546 4025 586 4105 in
620 4017 772 4133 plano,
825 4020 940 4102 totius
968 4015 1139 4102 Telluris
1164 4018 1450 4129 proiedlionem

163 4158 397 4246 exhibente.
461 4154 527 4237 Ad
558 4152 636 4235 hor
667 4172 763 4233 vern
795 4170 897 4261 opus·
921 4146 1008 4255 est,
1039 4164 1084 4228 ut
1115 4144 1282 4232 cuiusuis·
1302 4147 1448 4234 horum
1557 4194 1559 4199 ,

162 4286 408 4373 circulorum
459 4300 539 4362 tam
590 4277 729 4387 polire,
778 4303 893 4387 quem
925 4273 1124 4390 perimetri
1152 4274 1264 4385 ipsius
1296 4302 1317 4360 a
1352 4278 1450 4389 polo

169 4413 384 4515 distentio,
427 4404 735 4510 determinetur,
767 4405 931 4516 qnorum
962 4406 1079 4517 igitur
1107 4419 1316 4517 utrumque
1348 4428 1455 4519 quo·

171 4540 308 4631 modo
338 4534 610 4647 inoestigetnt‚
640 4532 914 4645 disquirendum
946 4534 1056 4620 nobis
1086 4530 1155 4616 est.

766 4663 950 4765 Kkkn
1407 4656 1468 4755 Sit
