4492 5809
548 634 1078 771 CORPORIR
1369 686 1461 783 ny

196 868 233 959 Α
264 863 467 983 propiore,
498 895 576 985 qno
601 874 657 962 cst
687 879 862 971 distantia
890 909 1064 973 νει
1022 882 1120 991 b,
1149 900 1191 972 et
1218 898 1465 1005 ατε-Η,

198 1021 254 1105 stu
284 1003 387 1105 ob
368 990 609 1137 {izai
643 996 814 1141 ν;’-
844 1000 1131 1143 tt--⁶-et
1161 1034 1237 1117 ent
1255 1032 1462 1125 celeritatis

183 1456 346 1572 ideoque
366 1319 491 1569 ἱρ)[α
480 1458 653 1549 celeritas
682 1432 920 1569 f-‘Q-ss'·
889 1348 1145 1574 :Vffi'ffldm
1113 1468 1270 1557 Arn--B
1271 1370 1362 1574 D(
1315 1473 1355 1574 (r
1364 1478 1433 1579 m)
1418 1468 1466 1588 )),

186 1610 287 1701 quae
316 1610 407 1671 cum
436 1584 632 1676 indefinita
662 1588 739 1673 effe
788 1588 892 1675 nulio
941 1595 1066 1678 modo
1108 1595 1256 1704 posfit,
1300 1600 1462 1685 manife-

184 1715 283 1801 stum
314 1711 403 1818 est,
435 1713 738 1818 methodum5.
772 1740 853 1820 ao
884 1718 1095 1805 adhibitam
1129 1722 1203 1807 effe
1236 1722 1459 1827 vitiosam,

180 1842 224 1929 id
257 1841 362 1951 qood
394 1838 516 1925 adhuc
546 1843 681 1929 clarina
710 1844 964 1957 perspicitur,
996 1848 1174 1933 (iambo
1205 1874 1370 1967 corpora
1417 1854 1460 1937 A

183 1989 225 2055 et
259 1963 297 2051 B
326 1970 584 2057 euanescentia
615 1973 850 2061 statuamus
880 2000 960 2086 qno
989 1974 1071 2059 casn
1101 1994 1209 2061 certe
1235 2001 1376 2089 corpus
1405 1974 1457 2068 Μ

179 2096 223 2184 in
255 2095 357 2181 linea
388 2095 492 2181 reita
523 2098 615 2183 effct
645 2094 905 2193 incess'utum,
948 2126 1069 2214 neque
1116 2126 1211 2213 crgo
1259 2105 1462 2216 eliipfim,

178 2243 299 2338 quam
328 2221 395 2309 hic
424 2218 694 2333 adimimus,
731 2225 941 2312 describere
973 2228 1151 2341 poterit,
1201 2231 1350 2318 etiamst
1382 2236 1463 2319 cai·

177 2354 286 2438 trtius
316 2351 443 2437 noster
472 2353 577 2440 aliter
614 2354 803 2439 ostendat.
887 2354 1102 2441 Plurimum
1143 2358 1256 2465 igitur
1291 2360 1463 2445 intererit

172 2481 326 2565 uitium
357 2477 463 2563 huius
494 2480 668 2565 methodi
700 2478 839 2590 notia,
887 2507 936 2571 ne
974 2482 1088 2570 fimili
1129 2480 1323 2577 methodo
1370 2487 1461 2573 niiaa

169 2624 332 2694 utentes
359 2605 404 2691 in
433 2626 579 2693 enotcs
616 2604 850 2695 delabamm

329 2858 409 2946 n4.
440 2842 636 2959 Quoniam
686 2843 728 2927 in
769 2838 913 2929 calculo
953 2837 1099 2929 nulium
1149 2818 1286 2931 uitium
1320 2844 1462 2959 depre.'

163 2963 362 3058 itenditur
378 2969 545 3079 ‚ipsum
568 2969 851 3061 ratiocinium,
881 2994 960 3081 quo
991 2971 1076 3055 usus
1107 2970 1186 3055 firm
1213 3032 1228 3081 ,
1260 2969 1375 3059 fallax
1412 2975 1460 3060 fit

163 3091 336 3182 neteffc
370 3094 452 3197 est,
499 3098 602 3210 quod
631 3097 695 3183 isti
724 3098 897 3183 innititur
925 3096 1176 3185 fitodamento
1196 3101 1360 3214 ,quod
1392 3124 1462 3189 ae·

165 3222 359 3337 qrtationi
386 3221 629 3317 differentiaii

295 3351 638 3521 ἧΐὲἒνέεφ
573 3366 842 3453 atera-oo)
830 3395 986 3501 indm
1023 3416 1160 3499 13

159 3540 382 3631 satisfaciat
413 3542 591 3655 aequatio
622 3540 730 3627 finita
762 3540 834 3638 (1-
838 3538 912 3625 cos.
924 3533 967 3649 ζ)
976 3542 987 3641 ί
997 3566 1046 3622 r
1050 3536 1123 3626 coi.
1134 3536 1209 3656 η).
1180 3538 1282 3627 ms
1284 3569 1317 3627 n
1323 3534 1399 3656 ζίῐη
1417 3570 1462 3653 η,

162 3678 318 3781 (quae
347 3671 480 3781 vtique
510 3670 565 3753 est
610 3693 684 3783 pro
729 3666 879 3781 ellipst)
929 3669 1112 3777 fiquidem
1158 3694 1236 3755 una
1284 3675 1460 3759 constan·

155 3799 290 3887 tium
323 3795 437 3882 Det
471 3797 644 3883 Ecerto
673 3797 794 3883 modo
825 3795 1041 3882 adsumatur.
1105 3797 1300 3882 Verum
1287 3800 1459 3885 ramalia

155 3922 388 4039 occatione
417 3924 606 4013 obseturui
636 3922 724 4011 fieri
755 3921 894 4036 poda,
949 3941 998 4008 ut
1044 3924 1258 4036 aequationi
1291 3928 1457 4039 cuipiam

149 4052 428 4142 differentiali
476 4054 650 4167 aequatio
697 4052 886 4164 qtncdam
938 4049 1046 4138 finita
1093 4051 1317 4161 satisfaciat,
1366 4076 1461 4162 quae

148 4182 395 4269 tamenin
432 4183 655 4297 aequatione
704 4206 782 4293 per·
824 4183 1115 4292 integrationem
1168 4180 1256 4262 inde
1301 4178 1463 4266 dedusta

145 4311 354 4399 minime
385 4314 639 4394 contineatur.
664 4306 798 4394 Veluti
820 4310 1036 4421 aequationi
1055 4303 1460 4416 dsV(1-zz):dz

146 4434 392 4526 mantfesto
423 4435 595 4521 iatndcit
626 4436 738 4551 uaiot
767 4462 898 4521 z::1
928 4488 941 4539 ‚
992 4438 1057 4550 qui
1091 4457 1219 4521 tamen
1253 4437 1299 4519 in,
1325 4460 1465 4546 aequa·

140 4566 286 4654 tione
332 4564 505 4679 integrali
536 4567 951 4665 tzar-Arcana
1006 4564 1069 4655 vei
1126 4563 1461 4671 atinus-tt)

786 4692 909 4781 Fie
1332 4690 1454 4778 neuti-¹
