4492 5809
767 489 863 585 26,
1133 455 1687 568 ELEMENM

764 726 857 797 tum
881 702 1045 791 euidens
1071 699 1139 806 eli,
1166 699 1247 786 fore
1270 699 1355 789 eius
1386 696 1664 786 variationem:

921 825 1825 941 uuzueo÷1ttto‘-t-1t“uo“ere.

769 1014 814 1084 at
854 990 1086 1082 variationes
1136 971 1673 1092 to,uo²,a‹1sserc.
1724 1004 1794 1092 per
1842 998 2044 1094 praecepta

771 1125 896 1212 modo
925 1119 1098 1230 expolita
1131 1112 1420 1222 affignabuntur.
1480 1105 1609 1195 Simul
1641 1131 1737 1190 vero
1768 1126 1889 1218 patet,
1920 1115 2043 1196 ratb-

774 1255 925 1337 tionem
956 1240 1035 1327 bu
1069 1239 1216 1354 semper
1247 1235 1474 1328 huiusmodi
1522 1236 1647 1323 forma
1694 1237 1912 1348 expreffum
1958 1238 2044 1350 iri,

774 1397 821 1464 vt
851 1377 920 1461 fit:

738 1580 744 1605 ι
775 1489 2044 1649 avr-tuusne<urta÷tc>a2÷rnuee÷aa

774 1680 843 1766 tbi
873 1679 980 1785 (Α),
1016 1669 1122 1779 (Β),
1158 1669 1251 1784 (C),
1279 1695 1357 1760 etc.
1389 1677 1472 1756 sunt
1501 1673 1711 1758 mustiones
1739 1695 1794 1758 ex
1825 1669 1961 1784 regulis
1986 1666 2046 1754 su·

776 1833 848 1924 pra
881 1803 1027 1890 traditis
1055 1802 1322 1890 inueniendae.
1403 1797 1513 1884 Illius
1540 1819 1670 1886 autern
1704 1797 1838 1884 calculi
1871 1798 2048 1884 uariatio-

777 1957 875 2021 uum
908 1935 1018 2017 usum
1055 1930 1095 2010 in
1129 1928 1312 2020 solutione
1341 1925 1581 2016 celeberrimi
1613 1927 1858 2040 problematis
1888 1924 2047 2036 isoperi-

780 2061 963 2159 metrici,
992 2053 1170 2146 latiffima
1199 2054 1469 2176 fignificatione
1498 2056 1664 2172 accepti,
1696 2053 1858 2166 breuiter
1890 2051 2047 2140 indicari
2209 2163 2210 2168 Ν

778 2187 1000 2282 conueniet»
2209 2175 2210 2186 ³

783 2440 1124 2612 Applicatio
1162 2441 1388 2566 Calculi
1427 2439 1805 2563 variationum
1846 2430 1917 2554 ad
1968 2431 2048 2553 so·

828 2611 1109 2737 lutionem
1163 2615 1529 2775 problematis
1574 2605 2007 2776 isoperimetrici
2213 2594 2214 2628 ¹

729 2816 732 2822 ·
920 2773 1181 2908 latiffima
1221 2775 1629 2948 filguificatione
1670 2779 1909 2949 accepti.

934 2999 1011 3078 62.
1039 2993 1247 3084 Problema
1278 2999 1505 3108 primarium
1538 2997 1614 3112 hue
1644 2997 1812 3111 spectans
1840 2996 1894 3078 ira
1932 3012 2054 3075 ennu-

614 3135 617 3162 ¹
783 3119 877 3208 ciari
927 3121 1082 3232 potest,
1137 3141 1182 3206 rt
1214 3127 1313 3212 inter
1340 3149 1485 3211 omnes·
1504 3149 1633 3211 curuas
1665 3127 1774 3238 super
1803 3123 1936 3212 eadem
1966 3122 2054 3204 duta

785 3250 860 3334 bafi
887 3270 1016 3335 aza
1046 3249 1307 3358 extruendas,
1337 3279 1384 3338 ea
1414 3250 1648 3370 definiatur,
1688 3277 1760 3364 pro
1791 3275 1863 3362 qua
1894 3244 2055 3342 formula

786 3375 988 3485 quaepiam
1023 3373 1063 3466 U
1095 3378 1315 3464 maximum
1349 3383 1606 3468 minimumue
1641 3382 1817 3465 valorem
1871 3376 2058 3461 obtineat.

787 3502 869 3590 Ean
904 3502 1011 3588 enim
1036 3504 1253 3592 enunciatio
1285 3509 1535 3616 problematis
1562 3532 1688 3592 euruas
1718 3524 1870 3593 tantum
1888 3503 2056 3589 eirndem

788 3630 1036 3740 longitudinis
1082 3633 1382 3748 complebitur,
1430 3653 1562 3722 tamen
1610 3635 1706 3722 haee
1735 3635 1908 3719 conditio
1940 3655 2060 3715 com·

682 3854 688 3870 ,
788 3765 942 3864 mooe,
976 3779 1021 3849 tt
1053 3758 1133 3846 eius
1157 3764 1322 3848 ambitus
1353 3765 1459 3850 latius
1491 3780 1641 3872 pateat.
1671 3764 1896 3863 omittitur,
1933 3781 2059 3868 neque

790 3887 905 3970 etiam
939 3890 1310 3978 commemoratione
1344 3893 1477 3977 unicae
1508 3891 1693 3975 formulae
1724 3889 1789 3994 U,
1823 3888 1928 3984 cuius
1950 3889 2059 3968 valor

790 4014 988 4099 maximus
1020 4015 1252 4101 minimusue
1285 4021 1444 4105 euadere
1478 4019 1625 4123 debet,
1673 4021 1753 4104 eius
1782 4017 1842 4102 vis
1886 4011 2060 4122 restringi

792 4139 847 4222 est
878 4141 1082 4251 censenda;
1117 4145 1319 4255 postquam
1353 4147 1391 4230 in
1422 4170 1561 4256 genere
1592 4143 1867 4234 demonstrauit
1902 4143 2060 4228 liiutet

793 4288 931 4348 omnes
957 4292 1085 4350 eunus
1116 4269 1225 4378 super
1256 4273 1392 4356 eadem
1426 4272 1501 4356 basr
1529 4297 1661 4357 xza
1694 4271 1952 4378 extruendas,
1985 4289 2062 4378 pro

794 4392 931 4526 quibus
961 4393 1124 4480 mamnla
1158 4395 1196 4482 V
1229 4401 1392 4484 eundem
1425 4401 1656 4488 nancilcatur
1701 4401 1914 4514 valorem,
1960 4395 2062 4482 defi-

1989 4523 2123 4614 nlti-
