4492 5809
781 554 902 691 e
1208 598 1639 727 »arrotre-

777 880 826 949 et
856 861 1087 971 generatim
1118 866 1162 953 in
1191 863 1270 957 hac
1302 868 1437 955 forma
1473 842 1593 982 3ss
1618 854 2062 975 eomprehendunturt

783 994 854 1085 ubi
884 1021 982 1081 cnm
1013 1016 1104 1103 tam,
1132 1024 1210 1114 pro
1238 1024 1277 1083 m
1309 1022 1435 1112 quam
1466 1020 1546 1109 pro
1577 1016 1605 1077 u
1642 1018 1786 1081 omnes
1826 990 1946 1107 plane
1982 1018 2063 1079 nu·

783 1151 924 1213 meros
956 1128 1137 1215 substitui
1165 1132 1318 1237 liceat,
1345 1124 1465 1214 nulla
1511 1144 1651 1209 tamen
1694 1124 1934 1208 huiusmodi
1973 1125 2060 1211 for·

781 1258 899 1343 mult
937 1283 1081 1344 ueram
1129 1257 1384 1396 peripheriae
1431 1256 1706 1365 quantitatem
1757 1256 1947 1365 praebet;
1996 1254 2060 1341 sed

781 1411 1046 1497 quaecunque
1074 1386 1335 1495 assumatur,
1386 1383 1544 1495 semper
1593 1406 1617 1465 a
1657 1383 1833 1470 ueritate
1881 1384 2062 1490 recedit,

777 1513 940 1601 etiamst
973 1541 1088 1603 error
1123 1519 1322 1628 continuo
1352 1507 1502 1598 minor
1532 1511 1645 1597 reddi
1686 1513 1818 1626 poffit„
1898 1509 2059 1601 Deinde

783 1632 1028 1759 quantitates
1058 1650 1188 1735 eriam
1219 1648 1356 1733 surdas
1388 1642 1686 1728 introducendo
1718 1642 1946 1730 multitudo
1978 1668 2060 1727 nu·

782 1804 1001 1866 merorum
1037 1778 1146 1866 incra
1173 1777 1336 1867 iimites
1371 1798 1397 1876 3
1429 1790 1471 1859 et
1499 1799 1533 1876 4
1562 1788 1852 1859 contentorum
1883 1770 2060 1859 ulterius

782 1912 826 1993 in
861 1895 1079 1995 infinitum
1104 1929 1277 2025 augetur
1300 1971 1314 2017 ,
1339 1904 1423 2019 qui
1463 1903 1561 2012 adeo
1592 1927 1735 1989 omnes
1771 1906 1822 1991 ab
1862 1898 1949 2014 iis,
1987 1905 2061 2017 qui

784 2056 828 2144 in
861 2060 1042 2148 formula
1080 2046 1199 2179 3ss
1230 2068 1491 2153 continentur
1529 2056 1787 2171 discrepant,
1825 2081 1957 2169 neque
1996 2074 2060 2147 ta·

671 2284 672 2291 x
781 2212 881 2276 men
913 2194 1039 2285 etiam
1073 2194 1112 2279 in
1136 2195 1213 2281 hia
1245 2194 1357 2287 nllus
1391 2201 1627 2315 reperitur,
1658 2199 1731 2309 qui
1768 2192 1913 2285 circuli
1946 2195 2058 2307 peri·

787 2318 975 2431 pheriam
1003 2324 1146 2412 exaste
1178 2330 1438 2418 dimetiatur:
1478 2325 1744 2445 quamobrem
1772 2332 1861 2415 eius
1889 2325 2061 2439 quanti·

781 2466 844 2533 tas
885 2456 1036 2539 merito
1075 2480 1155 2569 pro
1192 2465 1489 2548 transcendente
1528 2459 1712 2545 habetur.
1792 2460 1915 2576 Quod
1947 2456 2057 2539 idem

691 2622 693 2625 ·
783 2582 925 2668 multo
957 2588 1087 2693 magis
1117 2594 1169 2675 de
1198 2596 1389 2678 omnibus
1427 2592 1572 2677 circuli
1607 2588 1774 2674 arcubus
1813 2590 1870 2676 est
1901 2584 2058 2670 intelli·

783 2713 992 2821 gendum,
1020 2717 1075 2800 ita
1112 2735 1162 2802 vt
1192 2725 1423 2833 quicunque
1445 2723 1643 2831 'capiatur
1675 2718 1784 2801 finus
1811 2718 1855 2800 in
1885 2714 2088 2823 circesq·

784 2845 902 2943 arcus
931 2840 1008 2952 ipsr
1044 2846 1284 2957 respondens
1320 2854 1477 2957 semper
1517 2846 1568 2927 srt
1610 2847 1813 2951 quantitas
1853 2846 2055 2929 transcen·
2116 2955 2119 2964 Ι

784 2966 1093 3083 dens;-s1cqne
1141 2971 1248 3057 solus
1293 2973 1473 3063 circuius
1523 2966 1731 3055 infinitam
1781 2974 2061 3084 quantitatum

783 3098 1150 3217 transcendentium
1206 3086 1520 3189 multitudinem
1573 3100 1816 3211 suppeditet.
1897 3100 2058 3189 Deinde

786 3250 887 3312 vero
919 3232 1045 3313 etiam
1079 3227 1324 3334 logarithmi
1356 3232 1406 3317 ad
1437 3228 1596 3316 claffem
1632 3252 1906 3315 numerorum
1943 3248 2058 3314 tran·

781 3354 1055 3441 scendentium
1085 3359 1177 3442 sunt
1208 3362 1438 3450 referendi,
1487 3360 1558 3469 qui
1591 3358 1692 3442 adeo
1726 3359 1777 3442 ab
1816 3356 1934 3463 illis,
1983 3357 2056 3467 qui

781 3504 840 3567 ex
871 3482 1029 3568 circulo
1060 3488 1301 3599 nascuntur,
1333 3488 1497 3603 prorsus
1527 3490 1622 3572 sunt
1648 3485 1810 3574 diversi.
1876 3487 1968 3574 lam
1983 3510 2059 3593 ne7

785 3636 861 3697 mo
892 3638 975 3700 non
1008 3614 1157 3721 uidet,
1203 3616 1428 3731 srpraeter
1459 3615 1672 3706 fractiones
1721 3636 1764 3701 et
1810 3599 2057 3726 quantitates

782 3740 1100 3828 transcendentes
1133 3762 1197 3830 ex·
1218 3748 1377 3836 circulo
1404 3767 1445 3833 et
1477 3744 1741 3854 logarithmis
1773 3762 1887 3829 ortae
1903 3746 1946 3827 in
1963 3744 2058 3830 sub·

783 3868 937 3956 srdIum
971 3892 1201 3981 vocentur,
1233 3898 1327 3963 tum
1360 3878 1467 3964 inter
1499 3876 1614 3961 binos
1653 3873 1820 3987 quosuis
1860 3894 2057 3959 numeros

749 3988 1098 4087 'multitudinem
1130 4029 1402 4115 numerorum
1453 4005 1687 4091 mediorum
1735 3999 1875 4087 multo
1923 4003 2059 4112 magis

783 4130 828 4213 in
861 4129 1107 4218 immensum
1140 4140 1311 4247 augerir
1350 4160 1405 4222 ex
1441 4160 1527 4247 quo
1564 4135 1746 4217 maxime
1783 4134 1944 4219 mirum
1983 4129 2055 4216 vi·

777 4256 980 4366 debitur,
1011 4286 1062 4345 ne
1094 4258 1176 4349 hoc
1208 4266 1377 4379 quidem
1410 4267 1536 4353 modo
1564 4257 1781 4346 interualla
1812 4263 1921 4345 inter
1935 4257 2054 4345 binos

780 4408 979 4477 numeros
1008 4390 1188 4501 integros
1218 4398 1277 4480 ita
1309 4396 1491 4480 numeris
1521 4390 1663 4478 mediis
1693 4386 1886 4501 expleri,
1918 4406 1969 4475 tt
2000 4391 2054 4474 iis

778 4536 927 4605 omnes
957 4513 1078 4639 plane
1106 4527 1351 4641 quantitates
1373 4526 1488 4615 'intra
1516 4511 1681 4613 eusdem
1713 4518 1912 4611 nummos
1950 4541 2054 4603 con·

1886 4706 1893 4719 ·
1955 4663 2051 4740 ten·
