4492 5809
376 640 766 743 MAXIMORWn
796 648 875 739 ur
904 641 1282 741 nrurnoarut.
1402 669 1465 758 99
1530 765 1542 774 ,

192 881 319 995 patuis
368 882 429 968 dx
477 878 795 994 progrediantur3
844 887 928 963 trim
962 883 1058 962 uero
1089 877 1242 964 valotea
1273 873 1385 987 ipius
1412 867 1469 988 Z,

192 1015 261 1121 qui
289 1011 350 1095 his
376 1009 524 1119 {iugulis
555 1006 748 1096 valoribns
773 1009 885 1120 ipsius
911 1034 942 1094 x
974 1007 1232 1117 respondent,
1283 1028 1353 1114 per
1397 1005 1467 1092 d'x

193 1137 465 1249 multiplicari3
518 1137 686 1246 haecque
731 1137 868 1222 omnia
915 1135 1100 1246 prododia
1138 1137 1177 1217 in
1209 1157 1329 1217 roam
1363 1137 1467 1219 sum·

192 1287 302 1350 mam
333 1263 500 1349 codena
530 1289 622 1348 earn
650 1265 938 1385 quantitatem,
983 1284 1101 1372 quam
1132 1259 1254 1350 littera
1287 1265 1327 1345 A
1369 1261 1468 1347 indi-

187 1392 398 1498 cauimus,
446 1391 705 1498 constituent,
753 1415 849 1500 quae
892 1391 1070 1476 maxima
1100 1389 1168 1474 rel
1197 1389 1358 1474 minima
1381 1391 1467 1498 vetio

188 1517 318 1604 debet·
377 1518 496 1635 Quod
529 1522 582 1602 ita
613 1515 668 1600 est
698 1515 1017 1628 intelligendum,
1048 1534 1119 1620 ut,
1156 1516 1183 1598 fi
1215 1539 1267 1598 ex
1301 1517 1372 1600 alia
1406 1541 1468 1603 re·

188 1647 338 1734 latione
368 1647 469 1731 inter
499 1669 531 1730 x
560 1662 653 1754 ety
681 1667 902 1757 quacunque
933 1641 1083 1752 lingulis
1118 1640 1305 1726 valoribus
1356 1643 1470 1754 ipsius
1577 1661 1578 1665 '

187 1800 222 1865 x
252 1772 319 1858 alii
350 1771 500 1857 naiores
532 1772 601 1885 ipfi
616 1799 652 1884 y
682 1771 844 1885 hincque
875 1770 945 1888 ipfi
979 1765 1019 1856 Z
1048 1772 1315 1860 conueniant.
1345 1796 1399 1855 ex
1426 1774 1470 1858 iis

187 1925 267 2020 pro
294 1901 351 2008 A,
381 1901 407 1986 u
437 1902 548 1987 iirerit
583 1901 839 2011 maximum,
889 1899 1000 1986 ualor
1049 1918 1154 1985 certe
1204 1900 1364 2010 minor,
1412 1885 1468 1986 fin

184 2047 321 2118 auteur
351 2028 463 2114 fiterit
491 2029 727 2141 minimum,
755 2049 857 2129 certe
888 2030 1013 2118 maior
1030 2027 1082 2114 fit'
1098 2025 1337 2144 proditurus,
1351 2051 1467 2140 quam

177 2159 216 2271 di
253 2157 342 2246 iusta
374 2159 510 2246 relatio
536 2159 636 2247 inter
666 2183 698 2246 x
729 2179 773 2245 et
784 2188 824 2270 y
855 2158 980 2246 fuiiiet
1008 2157 1190 2244 adhibita.

781 2367 869 2462 IX.

338 2535 465 2654 ‘Quod
494 2535 524 2622 o
553 2555 684 2627 autem
709 2533 787 2624 hae
814 2533 1077 2630 variationes,
1106 2557 1203 2648 qnae
1231 2529 1381 2648 fingulis
1397 2559 1468 2625 ua·

171 2661 340 2752 'loribus
369 2666 532 2778 ipfi'usy
564 2669 811 2773 inducuntur,
839 2665 987 2751 infinite
1019 2690 1158 2775 paruae
1189 2669 1469 2776 concipiantur,

173 2813 280 2879 tum
311 2818 382 2903 per
412 2791 581 2878 indolem
615 2796 881 2906 maximorum
915 2813 957 2878 et
986 2795 1240 2878 minimorum
1271 2794 1359 2878 inde·
1380 2793 1466 2877 noi-

175 2920 225 3007 la
261 2921 432 3004 mutatio
460 2921 503 3003 in
529 2924 785 3032 quantitatem
813 2923 857 3005 A
900 2923 1106 3007 redundare
1154 2924 1300 3035 debet3
1351 2940 1465 3034 atque

176 3074 238 3134 ex
274 3046 352 3132 hoc
380 3044 471 3158 ipso
496 3044 607 3130 Jsonte
632 3048 913 3133 determinatio
945 3039 1211 3136 maximorum
1255 3069 1295 3134 ct
1344 3051 1465 3134 mini·

175 3201 351 3264 morum
384 3174 466 3285 peti
499 3174 606 3258 solet.
667 3171 777 3260 Cum
807 3175 948 3262 icrlicet
979 3174 1172 3262 rarorrbus
1203 3179 1367 3288 ipsrusy
1392 3200 1465 3288 pto

73 3307 78 3322 '
175 3304 352 3389 arbitrio
381 3301 607 3386 variationes
637 3302 789 3389 infinite
821 3330 951 3415 paruas
976 3287 1252 3418 ῐῐίὶηιετίῐηυε,Ἀ
1282 3289 1461 3416 mutatio,

166 3455 294 3545 ‘quae
324 3432 411 3513 inde
443 3431 481 3510 in
511 3430 696 3516 valoribns
723 3430 904 3516 omnibus
934 3431 1045 3541 ipfius
1078 3427 1164 3518 Zd
1176 3457 1222 3543 x,
1254 3460 1296 3518 ac
1331 3436 1463 3544 proin-

172 3563 234 3644 de
272 3559 317 3641 io
345 3579 481 3640 corum
516 3560 666 3643 summa
692 3579 778 3643 tota
797 3563 847 3645 A
876 3567 1027 3663 oritur,
1059 3562 1205 3646 calculo
1236 3563 1368 3673 colligi
1398 3563 1462 3646 de·

168 3687 294 3790 bet,
322 3709 417 3795 quae
448 3687 626 3796 deinceps
659 3686 784 3771 nihilo
813 3689 975 3798 aequalis
1007 3689 1125 3799 pofita
1169 3693 1364 3800 praebebit
1397 3713 1466 3773 ae·

156 3815 446 3927 quarinum,
495 3819 535 3896 in
566 3841 639 3925 qna
666 3835 797 3898 natura
831 3817 995 3899 maximi
1028 3818 1183 3900 minimi
1210 3843 1269 3922 ue,
1304 3819 1463 3926 ideoque
1536 3909 1539 3915 ,
1586 3883 1589 3888 -

154 3938 357 4055 quaefita
383 3939 518 4023 relatio
545 3942 645 4026 iuter
675 3969 704 4029 x
736 3963 824 4045 ety
855 3944 1121 4028 continebitur.
1218 3943 1301 4028 Huc
1350 3945 1461 4050 igitur
1558 3965 1562 3972 ·

151 4065 420 4181 operatione
451 4068 661 4156 methodus
698 4071 916 4156 huiusmodi
968 4073 1143 4154 maxima
1193 4069 1256 4152 vel
1304 4071 1463 4154 minima

146 4192 442 4304 inuestigandi
466 4195 718 4310 ·‘abtolurtur,
775 4221 871 4308 qnae
919 4196 1062 4282 idcirco
1102 4197 1238 4280 iisdem
1272 4199 1466 4308 principiis

147 4347 309 4438 atque
359 4320 523 4431 uolgatis
569 4327 773 4411 methodus
820 4326 1084 4408 maximorum
1125 4350 1171 4418 ac
1205 4327 1463 4412 ministrorum

142 4454 367 4544 innititur
387 4477 401 4560 3
435 4475 532 4560 quae
552 4508 566 4542 .
585 4457 788 4562 quomodo
818 4477 886 4562 per
915 4450 992 4537 sola
1014 4451 1220 4562 Anaiyseus
1250 4473 1467 4564 praecepta,

130 4586 247 4677 fine
290 4578 385 4666 aliis
413 4599 468 4664 ex
502 4571 730 4672 Gonmettia
759 4583 890 4697 petitis
922 4579 1112 4690 subsidiis,
1148 4582 1285 4700 institui
1317 4581 1464 4692 potiit,

748 4757 752 4763 ·
819 4707 862 4795 N
902 4729 928 4789 a
1262 4710 1463 4794 accuratius
