4492 5809
574 532 1036 648 ORTICAE
1341 560 1430 668 lm
1544 544 1547 552 ’

174 782 248 876 eius
274 780 381 900 qnod
426 776 602 901 nesrnpfi
643 753 942 900 phaenomeni,
986 779 1179 879 sufficiens
1220 725 1437 907 explicatio
1579 854 1582 863 .

171 916 246 1002 dari
274 913 439 1030 poterit.
527 975 531 980 -

299 1164 458 1262 Locum
489 1189 620 1263 antem
651 1165 830 1259 obllaculi
859 1166 974 1259 huius
1002 1194 1131 1289 prope
1161 1175 1332 1264 tunicam
1373 1194 1442 1262 ne·

170 1297 289 1389 tinam
320 1302 479 1388 statuere
505 1324 721 1416 eapropter
765 1301 982 1411 debemus,
1030 1307 1249 1416 quoniam,
1298 1306 1326 1393 sr
1373 1300 1441 1391 etl

166 1448 255 1517 ante
289 1429 514 1544 pupillam,
560 1429 625 1517 rel
655 1426 847 1541 proxime
878 1431 981 1542 poll
1012 1455 1134 1539 cam,
1182 1436 1222 1518 in
1273 1430 1442 1521 humore

162 1558 413 1670 crystallino,
440 1576 511 1646 sut
535 1553 664 1667 alibi,
691 1556 902 1665 haereret,
931 1560 1138 1669 dioptricis
1169 1556 1316 1673 legibus
1341 1582 1445 1647 coa.

161 1686 375 1800 formiter,
420 1685 585 1773 claritati
614 1683 776 1800 'quidem
806 1683 989 1794 imaginis
1015 1687 1060 1773 in
1088 1687 1193 1773 oculi
1222 1685 1343 1774 fondo
1373 1691 1442 1775 de-

160 1814 288 1927 pictae
316 1814 592 1927 praeiudicium
622 1812 794 1921 afferre,
843 1814 898 1900 all
926 1814 1048 1924 ipinm
1081 1814 1134 1901 ini
1162 1814 1356 1927 picturam
1400 1814 1443 1905 in

158 1944 333 2031 tonicam
364 1944 533 2029 retinam
564 1945 758 2055 prolicere
786 1964 869 2029 non
897 1942 1040 2053 pollet.
1103 1935 1292 2031 Similiter
1330 1966 1444 2057 nem·

158 2092 247 2182 pe,
291 2088 340 2156 ct
375 2071 417 2177 in
452 2095 614 2158 camere
642 2068 834 2179 obscura,
882 2069 927 2153 in
960 2080 1037 2183 qua'
1064 2090 1213 2182 corpus
1241 2096 1448 2184 opacum,

154 2187 259 2285 lenti
306 2197 519 2286 obiceliuae
564 2199 842 2313 applicatam,
875 2215 946 2283 aut
975 2217 1113 2309 parum
1159 2200 1211 2285 ab
1259 2200 1334 2312 ipsa
1381 2201 1446 2287 di.

155 2324 296 2437 llans,
322 2328 542 2440 quosdam,
584 2329 637 2413 ad
670 2325 850 2441 quemuis
882 2324 1161 2440 penicillorum
1207 2328 1443 2417 radiosorunr

148 2457 439 2567 pertinentes,
471 2456 595 2539 radios
624 2456 899 2565 intercipiens,
932 2455 1144 2562 imaginem
1178 2454 1331 2565 pariete
1368 2477 1446 2543 ex·
1540 2553 1543 2561 Ἰ

149 2601 354 2696 ceptam,
384 2581 560 2689 debilitat
588 2582 770 2697 quidem,
801 2580 856 2667 ast
885 2582 1020 2695 ipsum
1046 2605 1136 2669 non·
1160 2582 1394 2696 depingitur.
1437 2666 1442 2675 .

311 2828 426 2925 Cum
454 2833 582 2954 itaque
610 2835 745 2932 oculus
770 2832 962 2928 valueris
991 2862 1115 2955 prope
1128 2806 1317 2929 'tunicam
1350 2836 1448 2929 reti-

146 2990 257 3058 nam
287 2962 458 3054 humore
488 2970 540 3054 lic
568 2972 676 3056 dieto
706 2974 834 3057 vitreo
870 2976 1037 3081 repletus
1067 2973 1167 3078 .fit,
1218 2972 1313 3056 certi
1364 2973 1444 3055 iam

149 3099 241 3185 elle
279 3094 474 3209 pollemus
492 3159 506 3204 ,
523 3090 666 3208 ,sedem
693 3096 829 3185 ‘morbi
857 3121 940 3182 non
965 3099 1095 3205 tlibi,
1123 3120 1244 3209 quam
1284 3102 1327 3183 in
1357 3116 1446 3183 cor·

146 3251 266 3341 pore
283 3226 389 3335 hoc,
408 3226 660 3335 quaerendam
693 3226 788 3343 effe.
852 3222 956 3311 Cum
984 3246 1116 3311 antem
1141 3226 1316 3312 humoris
1332 3225 1447 3311 vitrei

141 3354 367 3442 substantia
394 3340 594 3439 contineat
645 3354 724 3440 line
752 3347 877 3441 dubio
926 3361 1011 3441 nala
1055 3328 1317 3461 {abrilillrma‚
1346 3352 1469 3475 lym·¹

138 3486 290 3600 piram
325 3480 438 3566 valde
466 3480 701 3595 diaphanam
754 3482 965 3590 vehentia,
1016 3480 1216 3569 indubium
1265 3483 1450 3591 ridetur,

134 3614 262 3699 oriri
296 3612 472 3719 maculas,
506 3613 556 3695 de
587 3612 721 3725 quibus
750 3606 940 3697 'hactenus
963 3611 1138 3720 differri,
1168 3630 1191 3693 a
1223 3602 1447 3695 dilatatione

100 3739 404 3827 'vasculorum
455 3740 612 3826 illorum
661 3734 983 3841 vehementiori,
1032 3764 1106 3851 qua
1152 3736 1352 3842 efficitur,
1401 3756 1446 3823 vt

125 3891 301 3985 partes
328 3867 548 3978 crailioreS,
581 3886 754 3981 opacae,
784 3892 833 3954 nc
864 3872 994 3953 lumen
1022 3869 1137 3952 aliter
1167 3890 1211 3949 ac
1244 3860 1446 3977 lympha,

124 4020 290 4113 quam
318 3998 362 4080 in
395 3998 488 4083 ilatn
519 4000 676 4084 naturali
707 3998 869 4103 vehunt,
887 3996 1157 4107 refringenres,
1185 3995 1263 4103 ipla
1284 3998 1455 4106 intrent;

118 4126 374 4228 Ιπεαὶὶιιιε4
426 4151 500 4238 pto
555 4128 684 4213 varice
715 4128 814 4237 quass
846 4125 1081 4211 vasculorum
1113 4118 1447 4233 lymphatitorum

1573 4140 1687 4191 vaq'tw

115 4256 363 4347 habendas
393 4257 471 4340 elle
501 4255 568 4345 has
598 4254 800 4370 maculas,
832 4248 974 4341 iudico.
1054 4246 1155 4343 Non
1201 4252 1449 4337 mediocriter

112 4407 325 4501 quoque
356 4384 568 4489 confirmor
600 4387 639 4468 in
691 4386 765 4471 hac
817 4384 997 4469 sententia
1029 4407 1100 4495 pet
1132 4380 1297 4466 maculas
1328 4379 1448 4491 primi

99 4514 321 4631 generis
352 4514 456 4627 supra
488 4513 714 4628 descriptas,
746 4510 883 4628 opacis
911 4509 1186 4625 adhaerentem
1220 4499 1448 4617 heresim,

811 4643 960 4729 ooa
1403 4640 1444 4717 ln
