4492 5809
772 588 837 667 ue
1063 534 1066 539 ’
1186 544 1617 689 biiilblbde

772 808 1101 901 rraiedoriarum
1135 807 1472 919 reciprocarum,
1503 800 1620 889 cuius
1648 790 1869 886 solutiones
1882 817 1905 887 a
1920 793 2047 890 variis

775 944 1026 1031 Austoribus
1061 935 1240 1050 prolatae
1281 934 1483 1045 Analysm
1522 930 1784 1020 infinitorum
1823 929 2048 1019 clariffimia

771 1075 954 1161 inuentis
984 1056 1298 1199 locupletarunt
1365 1066 1526 1154 Eodem
1558 1087 1720 1174 quoque
1758 1060 1959 1165 reserenda
1991 1062 2047 1150 ell

778 1204 959 1315 quaestio
986 1201 1206 1307 catopttica
1235 1198 1284 1278 ab
1314 1196 1404 1303 ipso
1434 1191 1619 1276 Auctore
1651 1190 1776 1271 huius
1806 1189 2046 1279 differtatio-

773 1336 842 1415 nis
874 1327 979 1413 olini
1009 1320 1209 1429 euoluta,
1241 1322 1456 1435 qua-eirca
1489 1316 1694 1432 punitum
1722 1315 1907 1405 lucidum
1937 1324 2048 1406 eius-

778 1457 891 1545 modi
923 1452 1029 1538 linea
1058 1474 1187 1535 curua
1216 1451 1474 1539 destribenda·
1503 1450 1784 1563 proponitur,
1821 1469 1871 1536 et
1908 1474 2051 1535 omnen

773 1589 881 1673 radii
914 1585 961 1669 ab
991 1581 1224 1667 isia'curua
1254 1584 1312 1668 bis
1341 1578 1482 1667 reflexi
1514 1581 1557 1665 in
1591 1578 1726 1694 ipsum
1758 1580 1963 1693 pundum
1979 1576 2049 1664 lu·

777 1717 924 1803 ‘aidum
975 1728 1273 1798 reuertamur-e
1322 1712 1368 1795 in
1415 1732 1495 1823 qua
1542 1710 1771 1821 quaestione
1817 1709 2050 1797 resoluendr

776 1846 954 1934 omnino
987 1838 1137 1927 necesse
1172 1842 1262 1948 est,
1301 1860 1354 1927 vt·
1387 1841 1480 1927 bina
1522 1835 1653 1925 fimul·
1676 1864 1826 1928 curuae
1864 1840 2051 1954 punda‚

776 1979 824 2063 in
862 1972 1013 2087 quibus
1051 1970 1225 2084 quilibet
1262 1972 1397 2056 radius
1442 1966 1700 2079 reslediitur,
1730 1966 1793 2055 'in
1842 1967 2052 2056 calculum

777 2106 1119 2211 introducantur3
1153 2125 1257 2217 quae
1288 2102 1381 2190 bina
1410 2099 1562 2214 punita
1595 2101 1650 2185 ita
1682 2104 1791 2186 inter
1820 2098 1858 2184 se
1888 2099 1965 2187 elle
1982 2125 2052 2185 re-

779 2232 862 2319 lata
896 2230 1152 2345 manifestum
1183 2232 1276 2339 est,
1310 2252 1360 2317 et
1393 2232 1568 2320 intense
1599 2232 1945 2345 permutationem
1977 2233 2051 2317 ad·

780 2361 962 2449 mittant.
1016 2361 1156 2451 ·Cum
1193 2366 1325 2471 igitur
1363 2359 1603 2448 huiusmodi
1642 2362 1889 2474 quaestiones
1926 2358 2054 2469 longe

779 2489 907 2577 uliam
945 2486 1127 2581 soluendi
1174 2492 1420 2579 methodum
1457 2492 1698 2603 requirant,
1745 2519 1792 2577 ac
1829 2490 2056 2603 questiones

778 2623 932 2731 prioris
961 2627 1149 2732 generis,
1189 2624 1259 2707 vbi
1291 2626 1465 2707 unicum
1496 2644 1648 2708 cutuae
1682 2620 1885 2727 punitum
1916 2618 2051 2702 confi·

724 2854 728 2859 Ι
780 2745 929 2835 durasse
961 2750 1136 2853 sufficit,
1169 2752 1329 2831 Auctor
1360 2752 1457 2830 hinc
1490 2748 1589 2829 duas
1619 2742 1754 2827 classes
1770 2746 2049 2857 quaestionum

777 2878 832 2961 ad
864 2874 1129 2963 methodum
1179 2874 1439 2981 tangentium
1494 2873 1694 2957 inuersam
1755 2874 2052 2983 pertinentium

779 3005 1015 3091 constituit:
1067 3005 1200 3114 iisque
1238 3005 1337 3087 adeo
1378 3006 1422 3087 in
1459 3000 1534 3086 hac
1574 3000 1844 3090 dissertatione
1882 3007 2053 3089 tertiam

780 3132 941 3217 cinisem
984 3134 1209 3237 adiungit,
1264 3154 1369 3243 quae
1408 3132 1610 3217 eiusmodi
1645 3134 1893 3244 quaestiones
1931 3160 2051 3222 com·

780 3260 1009 3377 plectitur,
1049 3256 1267 3369 inquibus
1306 3256 1432 3345 simul
1464 3264 1511 3348 ad
1554 3261 1865 3350 innumerabilia
1889 3290 2054 3349 uuruae

781 3389 969 3505 pendia,
999 3414 1103 3499 quae
1136 3406 1251 3472 certo
1280 3393 1459 3501 quodam
1492 3392 1619 3477 modo
1648 3395 1754 3479 inter
1783 3395 1822 3479 se
1857 3394 2054 3480 cohaere·

779 3536 884 3625 ant,
934 3518 1072 3631 respici
1115 3535 1292 3631 oportet.
1374 3520 1586 3635 Quoniam
1634 3525 1763 3632 igitur
1810 3507 2059 3610 huiusmodi

729 3644 732 3653 ’
782 3648 1031 3761 quaestiones
1063 3648 1308 3739 methodum
1341 3650 1502 3759 prorsus
1535 3653 1783 3762 peculiarem
1823 3653 2058 3765 postulant,

783 3802 909 3889 quam
943 3780 1106 3893 Aridior
1137 3782 1179 3866 in
1217 3775 1291 3865 hac
1330 3778 1598 3871 dissertatione
1633 3780 1807 3868 dilucide
1843 3784 2056 3892 exponit,

778 3908 948 4017 eiusque
978 3908 1187 3993 eximium
1218 3908 1338 3993 usuum
1373 3910 1416 3994 in
1456 3910 1584 3994 uariis
1624 3908 1942 4022 problematibus
1965 3913 2057 3999 sol-

780 4038 918 4121 vendis
960 4040 1164 4147 ostendit,
1214 4036 1382 4125 nullum
1425 4032 1648 4152 plane'‘esl
1694 4040 1901 4145 dubium,
1944 4041 2057 4151 quin

779 4142 876 4251 haec
917 4165 1139 4279 speculatio
1196 4166 1369 4282 Analyfi
1410 4168 1610 4283 insignem
1650 4171 1958 4287 promotionem
1996 4168 2061 4259 fit

645 4296 652 4303 ’
778 4293 963 4387 allatura.
