4492 5809
336 569 731 692 aavraontar
768 571 848 664 aa
878 568 1266 670 ratumenna.
1293 527 1295 531 ’
1347 557 1450 670 ’,οι

191 810 232 895 iu
260 805 458 894 subfidium
512 807 637 890 vocati
683 805 886 911 debuerit,
933 829 1013 916 quo
1062 807 1149 894 inde
1193 809 1454 917 variationes,

190 961 282 1049 quae
315 940 412 1019 ratio
440 928 749 1019 differentialium
780 937 953 1042 cuinstpre
984 933 1126 1019 ordinis
1158 936 1311 1048 subiret,
1343 963 1460 1022 com·

186 1067 344 1148 modius
375 1060 458 1146 elici
491 1065 650 1172 polleat.
724 1065 854 1175 Quam
889 1061 943 1144 ob
971 1086 1054 1144 tem
1087 1090 1137 1150 tte
1168 1067 1282 1148 nimis
1314 1069 1461 1173 princi,

190 1217 260 1300 pto
286 1191 546 1274 continuitatis
576 1193 850 1300 aduersemur,
889 1214 966 1297 quo
996 1192 1203 1298 applicatio
1233 1203 1482 1302 praecepto'

189 1343 278 1401 rum
312 1343 422 1400 mere
451 1317 745 1422 Analyticornm
783 1315 1099 1424 impediebatur,
1134 1319 1278 1426 singulis
1312 1322 1459 1408 valona

189 1446 261 1528 bus
292 1447 403 1556 ipsius
415 1471 451 1550 y
484 1449 713 1527 variationes
742 1443 894 1528 infinite
926 1467 1059 1550 paruas
1091 1446 1324 1545 tribuamus,
1360 1474 1458 1556 quae

188 1594 323 1656 tamea
356 1575 409 1654 ita
440 1571 511 1654 lint
540 1570 792 1676 indefinitae,
841 1589 886 1652 vt
918 1569 1078 1676 fingulae
1109 1575 1293 1681 deinceps
1323 1575 1370 1658 ad
1411 1579 1460 1661 li.

188 1702 315 1785 bitum
362 1700 633 1804 determinati,
681 1718 793 1806 atque
844 1698 942 1789 adeo
982 1719 1119 1782 omnes
1151 1721 1304 1809 praeter
1337 1726 1457 1788 vnam

188 1829 239 1912 ad
290 1825 450 1910 nibilum
503 1827 624 1934 redigi
671 1825 848 1935 polluat,
895 1850 974 1934 quo
1026 1826 1145 1935 padio
1176 1827 1224 1914 ad
1255 1825 1459 1930 solutiones

189 1979 296 2042 meas
326 1960 472 2067 priores
503 1954 752 2044 deuoluatnut
783 1953 925 2042 uecelle
957 1953 1028 2044 est.

769 2185 870 2280 ΧΠ.

340 2345 444 2436 Cum
478 2365 606 2436 autem
637 2373 736 2436 nunc
768 2373 848 2435 auu
878 2344 1000 2436 solum
1034 2349 1100 2434 vni
1133 2345 1253 2432 valoti
1285 2345 1400 2458 ipfius
1410 2371 1460 2456 χ,

180 2475 254 2561 sed
291 2477 645 2583 innumerabilibus,
676 2482 765 2588 quin
797 2479 912 2588 plane
928 2478 1106 2567 omnibus
1122 2540 1135 2582 ,
1153 2476 1381 2562 variationes
1398 2478 1456 2560 iu·

179 2603 302 2687 finite
335 2629 468 2712 paruas
498 2607 684 2712 quidem,
718 2605 778 2687 sed
809 2625 943 2686 tameo
973 2605 1217 2706 arbitrarius,
1249 2605 1462 2708 tribuimus,

176 2731 353 2814 dubium
383 2731 437 2812 eil
467 2732 645 2832 nullum,
700 2733 792 2839 quin
823 2730 919 2812 haee
951 2731 1154 2814 methodus
1186 2729 1310 2813 multo
1355 2727 1461 2812 lattus

174 2873 345 2970 pateat,
379 2881 493 2966 quam
527 2858 780 2967 praecedens,
817 2876 930 2966 atque
961 2859 1008 2942 ad
1037 2855 1269 2942 solutionem
1289 2853 1461 2966 plurium

174 2985 357 3066 aliorum
389 2982 669 3092 problematum
703 2984 961 3076 munducat,
1013 2987 1061 3071 ad
1095 3009 1188 3096 quae
1219 2985 1347 3094 prior,
1378 3005 1461 3078 nte·

176 3107 331 3196 tltodus
362 3109 427 3191 vel
457 3109 649 3194 difficilius
680 3110 745 3192 v'el
777 3111 895 3194 etiam
927 3112 1055 3197 frustra
1088 3112 1337 3196 adhiberetur.
1419 3105 1464 3194 Si

173 3241 301 3322 enim
334 3237 422 3319 illae
454 3239 683 3321 variationes
713 3256 820 3321 cetto
848 3242 1017 3346 quodam
1049 3241 1173 3322 modo
1207 3237 1462 3324 determinen-

171 3385 279 3470 tur,
330 3365 546 3474 quaestione
602 3366 649 3449 ad
696 3359 965 3451 Geomettiam
994 3366 1190 3462 ,translata
1243 3365 1463 3450 huiusmodi

173 3491 438 3606 problemata
468 3491 599 3576 resolui
632 3509 833 3604 poterunt,
859 3493 898 3574 in
930 3493 1061 3602 quibus
1088 3517 1168 3578 noa
1199 3493 1299 3575 inter
1330 3515 1465 3576 omnes

173 3622 309 3733 plane
359 3621 474 3703 lineas
518 3645 675 3727 coruus,
727 3620 788 3705 sed
844 3637 986 3704 tautum
1017 3645 1080 3706 eas
1110 3643 1275 3704 numero
1306 3617 1462 3730 quidem

165 3749 396 3852 infinitas,
428 3774 523 3856 quae
557 3748 619 3832 iub
648 3768 749 3832 certa
780 3749 943 3858 quadam
976 3747 1097 3859 specie
1129 3746 1465 3857 comprehendan-

167 3895 287 3976 tur,
321 3900 366 3962 ea
394 3875 527 3959 debeat
559 3875 757 3988 affignari,
783 3900 879 3986 quae
912 3877 1081 3962 maximi
1099 3877 1259 3962 minimi
1275 3899 1324 3958 ve
1342 3875 1469 3957 cuius·

162 4004 307 4116 piam
341 4004 567 4111 proprietate
598 4003 640 4087 lit
673 4005 850 4115 praedita.
923 4003 1035 4088 Talea
1066 4020 1197 4088 antem
1230 4000 1466 4110 quaestiones

157 4131 423 4243 plerumque
471 4131 680 4240 plurimum
733 4127 968 4214 difficultatis
1022 4128 1221 4240 implicare
1250 4125 1466 4236 deprehen·

158 4261 367 4366 duntut3
420 4277 551 4342 verum
593 4280 782 4367 praeterea
816 4259 907 4342 hinc
941 4257 1065 4345 adhuc
1094 4257 1200 4372 plura
1232 4255 1467 4344 incrementa

157 4389 211 4472 in
253 4383 430 4492 Aualyli
464 4386 606 4470 merito
637 4387 842 4502 expediere
873 4385 978 4473 lieet.

797 4640 901 4742 Na
1287 4620 1291 4627 ’
1343 4636 1466 4727 x111.
