4492 5809
408 490 700 592 crucrnr
748 491 1264 588 renrrrrourrr,
1408 515 1472 604 ιγ

203 725 273 811 niri
288 725 421 816 debeat
450 751 522 834 ea,
552 726 597 810 in
622 750 697 835 qua
729 720 1051 822 ralorJormulae·
1079 725 1122 813 U
1154 727 1350 812 maximus
1380 755 1474 826 enas

150 957 154 966 .
199 857 266 940 dat
320 860 587 963 minimusue;¹
639 854 894 963 quaestionem
940 854 1017 939 huc
1064 855 1223 958 reduci,
1272 872 1317 938 ut
1371 857 1476 942 inter·

199 1007 334 1068 omnes
366 985 483 1093 plane
509 1005 677 1090 cumae,
703 981 814 1093 super
844 981 921 1067 lust
951 1005 1083 1067 rer-a
1111 980 1372 1086 extruendas,
1423 1008 1470 1070 ea

32 1214 37 1226 .
197 1110 426 1218 deliniatur,
456 1135 537 1221 pro
560 1133 635 1220 qua
664 1109 761 1192 haec
789 1105 953 1192 formula·
980 1110 1195 1220 eomposstn
1225 1109 1468 1225 οΝ-Ι-βῑ]

49 1225 54 1240 '
195 1235 444 1349 consequatur
473 1236 689 1320 maximnm
728 1237 941 1321 minimum
972 1237 1239 1320 tenulorem.
1300 1237 1469 1323 Interim

195 1381 330 1447 tamen
373 1387 415 1449 et
447 1365 563 1447 hoino
592 1358 824 1444 redudi'ionis'-
848 1364 952 1446 ratio
979 1385 1036 1444 ex
1063 1356 1149 1473 ipos
1172 1364 1326 1476 calculi
1341 1366 1471 1450 varia«

192 1490 355 1575 tionum
386 1488 587 1602 principiis
610 1488 775 1571 dilucide
801 1489 991 1598 explicari
1020 1489 1166 1598 potest,

350 1643 382 1714 6
384 1659 426 1740 3.
460 1630 646 1750 Qunellio
671 1654 803 1717 autem
834 1631 931 1716 haee
957 1657 982 1717 a
1012 1634 1317 1722 condonatione·
1347 1640 1472 1726 linea«

64 1797 68 1804 ⁴
190 1785 283 1848 rum
315 1787 515 1850 cumarum
545 1781 698 1844 remota
728 1759 808 1844 hoc
839 1763 967 1847 modo
993 1763 1160 1872 proponi
1194 1767 1354 1873 potelit

248 1928 445 2047 Proposita
471 1921 629 2046 forenqu
658 1944 873 2040 quacunque
899 1920 946 2012 U
980 1925 1141 2040 definire
1171 1907 1263 2018 eort'r
1309 1925 1465 2022 relatio-

316 2087 398 2146 nem
425 2064 526 2148 inter
548 2055 658 2142 binos
688 2056 902 2142 variabiles
930 2076 964 2140 x·
990 2069 1031 2140 et
1059 2077 1100 2164 y,
1147 2074 1226 2173 per
1272 2083 1386 2172 quam
1426 2059 1474 2175 fi

319 2189 438 2275 valor·
463 2187 576 2302 ipſsur·
603 2181 645 2267 U
679 2184 961 2289 determinetur,
996 2199 1109 2294 atque
1136 2209 1168 2270 a·
1195 2179 1465 2274 oolore'xzo·

315 2338 435 2428 osque
467 2310 877 2433 eductionem
908 2311 1155 2424 extendatur,
1187 2318 1223 2403 ir
1245 2315 1469 2432 proditurus

271 2458 274 2461 ’
305 2441 364 2558 fit
381 2447 464 2558 stne
490 2443 673 2527 maximus
689 2441 774 2554 flue
803 2441 988 2527 minimus.

332 2605 563 2722 Speciemus·
587 2632 683 2724 ergo
712 2603 935 2701 relationem
967 2607 1133 2701 interrae·
1159 2631 1202 2700 et
1220 2639 1259 2724 y*
1279 2635 1463 2728 tanquam

168 2739 268 2827 iam
305 2740 503 2826 inuentam
522 2804 537 2845 ,.
565 2742 618 2826 itu
651 2760 695 2826 ut
722 2741 809 2827 inde
841 2743 978 2826 oriatur
1009 2742 1123 2826 valor·
1149 2743 1315 2854 lpl'ruoU
1335 2747 1464 2830 maxi·

168 2892 275 2954 mus
310 2866 376 2951 uel
410 2867 631 2990 minimum
676 2888 793 2980 atque
820 2856 1063 2955 manifestum
1111 2872 1202 2979 eii,
1247 2869 1277 2957 n
1323 2872 1467 2957 relatio
1631 2861 1634 2868 ⁴

164 2997 289 3080 inter
320 3017 355 3079 n·
378 3013 475 3095 ety
502 2991 656 3078 infinite
694 3018 827 3105 parum
874 2998 1136 3104 immutetur,
1177 2995 1319 3084 nullam
1370 3000 1462 3085 inde

162 3124 449 3210 mutationem
476 3121 522 3207 in
551 3121 685 3205 valore
712 3122 824 3232 ipsun
848 3118 891 3208 U
922 3125 1020 3207 nasci
1050 3125 1226 3236 debere;
1270 3126 1333 3212 seu
1358 3127 1466 3240 quod

161 3251 331 3336 eodem
381 3247 482 3332 redit
529 3247 784 3334 variationem
830 3249 947 3360 iplius·
971 3244 1015 3334 U
1043 3251 1105 3334 seu
1136 3244 1165 3332 δ
1177 3253 1215 3336 U
1247 3253 1367 3338 nihilo
1396 3281 1461 3340 ae·

158 3380 342 3491 qualern
375 3379 450 3460 else
483 3392 694 3489 oportere,
723 3378 850 3488 fitque
879 3380 1058 3488 reqrutio
1085 3364 1275 3464 dllzo
1302 3379 1466 3469 relatiu-

156 3531 272 3594 nem
309 3505 516 3616 quaesstam
548 3506 657 3592 inter
678 3529 712 3593 x
736 3525 832 3612 ety
861 3504 1154 3625 complectetur,
1252 3569 1262 3586 .

335 3667 412 3764 64.
440 3657 704 3748 Vnriatinnem
736 3681 870 3746 autem
897 3653 987 3744 dU
1016 3659 1108 3760 inde
1134 3656 1296 3752 definire
1325 3669 1459 3755 docui-

145 3807 288 3891 mun,
321 3787 423 3900 quod
457 3811 534 3896 pro
566 3791 703 3900 quouis
731 3790 867 3876 valore
895 3790 1006 3900 ipsrus
1033 3814 1068 3875 x
1091 3791 1266 3876 valorem
1285 3795 1397 3903 ipsrus
1401 3825 1454 3904 y,

139 3919 228 4030 qui
275 3915 356 4026 ipfi
382 3917 430 4032 ri
463 3915 656 4002 relationis
703 3915 891 4026 quaefitae
939 3938 1220 4026 competeret,
1275 3923 1457 4030 porticula

140 4047 369 4160 quapiam
402 4034 627 4155 ‹ly-augeri
657 4044 907 4133 aliumlimus·
1001 4041 1108 4128 Cum
1159 4046 1271 4155 igitur
1319 4047 1456 4134 relatio

135 4171 349 4286 quaefitu
397 4170 490 4254 inter
538 4195 679 4258 omnes
725 4172 841 4284 plane
870 4167 1057 4284 pollrbiles
1088 4171 1161 4254 hac
1193 4177 1456 4284 praerogatiua

132 4301 351 4413 gaudere
382 4295 551 4404 debent,
592 4300 751 4385 tarutio
780 4295 864 4387 dU
895 4299 1048 4395 semper
1079 4299 1152 4381 elle
1184 4303 1301 4385 debet
1333 4303 1457 4388 nihilo

131 4427 383 4543 aequalis,
434 4425 782 4543 quomodocunque
829 4425 962 4541 unguii
991 4425 1142 4548 ralorea
1171 4429 1336 4548 ipliusy
1369 4433 1484 4527 tali-w

1046 4623 1052 4632 .
1388 4559 1457 4645 but
