4492 5809
219 795 224 804 Ι
347 649 743 752 narratorum
776 657 852 746 nr
882 649 1262 755 Mrurnoruur.
1396 671 1483 768 97·
1608 703 1612 715 ·

188 889 384 1011 pagacitate
411 913 432 973 a
463 878 563 972 Viro
592 886 661 973 illo
692 885 907 976 acutillimo
938 889 992 974 ell
1020 889 1287 1000 expeditum,
1328 909 1460 976 tamen

59 1086 64 1103 .
193 1019 394 1105 methodus
423 1017 472 1118 ab
502 1040 554 1100 eo
585 1014 754 1122 adhibita
784 1035 934 1101 tautum
965 1019 1014 1103 ad
1046 1021 1161 1121 casua,
1194 1021 1324 1130 quibus
1340 1043 1462 1128 quan·
1570 1069 1573 1078 ·

124 1136 128 1144 ’
193 1149 281 1232 titas
311 1139 350 1229 Z
381 1165 533 1252 praeter
564 1168 595 1228 x
623 1162 716 1254 ety
750 1143 877 1230 solnm
907 1168 1041 1230 earum
1072 1147 1356 1234 differentialia·
1380 1147 1464 1256 pri·

189 1298 254 1358 ma
282 1275 343 1358 seu
377 1272 545 1354 litteram
577 1285 606 1384 p
638 1269 890 1377 inuoluehat,
919 1271 1221 1382 extendebatur,
1255 1295 1296 1358 et
1329 1275 1464 1385 quouis

190 1399 272 1484 caso
303 1396 479 1508 hngnlari
509 1397 611 1510 quasa
645 1420 698 1476 ex
727 1399 1089 1483 confideretionibua
1120 1403 1367 1510 geometricis
1407 1425 1463 1484 re-
1506 1501 1516 1524 .

189 1531 273 1642 peri
301 1525 474 1619 debebat.
541 1523 742 1629 Pollquam
774 1546 900 1628 autem
935 1525 975 1608 in
1008 1525 1177 1608 uberiori
1206 1527 1314 1613 huius
1355 1553 1465 1638 argu·

188 1655 313 1742 menti
342 1652 572 1736 enodatione
603 1649 667 1734 diu
708 1649 967 1752 desudassent,
1023 1652 1254 1739 methodum
1305 1659 1463 1739 tandem

187 1785 367 1866 maxime
398 1779 620 1890 generalem
652 1777 733 1862 sum
764 1780 956 1890 adeptus,
986 1781 1090 1864 cuius
1116 1804 1194 1886 ope
1228 1783 1362 1866 omnia
1393 1783 1464 1866 hu-

43 1905 45 1911 ’
186 1905 356 1998 iusmodi
409 1907 676 2016 problemata,
724 1908 858 2016 quibus
904 1908 1092 2018 quantitas
1141 1903 1181 1994 Z
1234 1935 1312 1994 non
1341 1909 1463 1995 solum

188 2036 451 2122 differentialia
481 2036 655 2144 cuiusque
689 2035 832 2119 ordinis
859 2035 920 2121 led
961 2037 1078 2120 etiam
1131 2036 1311 2121 formulas
1363 2037 1464 2119 inte-

187 2165 310 2276 grales
337 2159 571 2274 quascunque
603 2160 656 2243 in·
676 2159 711 2245 le
743 2164 978 2270 contineret,
1008 2163 1141 2248 resolui
1160 2165 1331 2274 poliunt,
1347 2189 1464 2278 quarn

188 2291 423 2380 methodum
455 2289 555 2376 libro
587 2288 757 2401 lingulati
787 2290 919 2403 ample
952 2286 1034 2377 som
1066 2290 1290 2430 persecutor.

787 2503 862 2595 Vl.

275 2707 280 2720 ·
347 2671 430 2760 Etli
461 2691 591 2758 autem
616 2670 721 2756 ‘haec
753 2671 962 2757 methodus
988 2672 1041 2758 ita
1070 2673 1127 2759 est
1155 2689 1403 2788 comparata,
1419 2687 1467 2758 rt

176 2797 275 2884 eins
306 2802 514 2910 applicatio
545 2799 664 2886 nullas
693 2799 831 2910 figuras
862 2802 1111 2909 geometricas
1163 2805 1357 2910 requirat,
1410 2819 1470 2884 ta·

178 2951 289 3012 metr
337 2926 410 3035 ipsa
454 2926 552 3010 illius
583 2927 760 3012 methodi
793 2927 1029 3037 intrelligatio
1057 2950 1107 3009 ex
1136 2923 1469 3039 contemplatione
1563 2917 1573 2938 ⁹

177 3053 378 3137 linearum
411 3077 613 3139 cumarum
646 3055 699 3137 ell
731 3055 887 3163 petita,
933 3078 1046 3164 quarn
1078 3054 1133 3139 ob
1167 3055 1331 3140 causam*
1364 3054 1468 3142 mihi

178 3180 434 3266 etiamtum
464 3206 542 3264 non
574 3182 655 3265 satir
683 3182 876 3265 naturalis·
913 3183 967 3265 cll
1015 3181 1104 3265 ulla.
1204 3179 1307 3267 Com
1360 3187 1468 3268 enim

175 3309 295 3394 haec
328 3309 520 3419 quaestio,
569 3335 642 3421 qua
671 3307 806 3391 relatio
839 3311 938 3393 inter
967 3329 997 3394 ‘x
1028 3329 1120 3416 ety
1163 3311 1375 3420 quaeritur,
1425 3329 1472 3396 rt

172 3437 361 3522 fcrrmula
408 3438 600 3543 integralis
619 3440 623 3445 “
635 3431 676 3547 s
682 3433 722 3520 Z
740 3420 843 3537 dx,
896 3438 1020 3549 pohto
1052 3435 1139 3547 poll
1171 3438 1469 3546 integrationem

170 3590 346 3673 x:a‚
376 3565 595 3650 maximum
628 3565 839 3649 minimum
862 3559 1115 3648 re'ualorem
1149 3564 1353 3666 obtineat,
1391 3563 1469 3649 line
1648 3617 1650 3622 ,

172 3696 277 3778 ullo
310 3694 482 3804 respodiu
514 3697 562 3778 ad
615 3694 872 3804 geometriam
921 3692 1089 3802 proponi
1139 3689 1286 3802 pollrt,
1334 3689 1471 3774 solutio
1618 3733 1619 3738 Ν

164 3823 320 3906 etiarn
371 3822 575 3931 adaequata
623 3840 663 3905 et
709 3843 762 3904 ex
812 3820 912 3907 retis
967 3819 1163 3930 principiis
1211 3815 1374 3903 deducit
1423 3817 1472 3902 ab

161 3948 319 4036 omni
349 3953 587 4055 geometrica
618 3947 917 4034 consideratione
967 3946 1153 4034 immunis
1203 3943 1274 4028 elie
1331 3943 1471 4028 debere

163 4079 372 4161 videtur.
467 4078 584 4192 Quod
627 4078 850 4160 desiderium
882 4100 971 4159 cum
1007 4085 1045 4157 in
1079 4095 1171 4154 meo
1204 4071 1361 4154 tradiatu
1393 4095 1473 4156 non

159 4201 364 4290 obscure
412 4201 528 4306 ellem
576 4205 753 4304 testatus,
788 4203 860 4286 Vir
907 4203 1061 4312 quidam
1097 4192 1331 4284 Clarillimua
1364 4217 1402 4281 et
1434 4202 1475 4282 in
1518 4261 1519 4264 κ

154 4353 267 4418 arte
315 4330 525 4434 Analytica
553 4331 830 4443 verlatillimus,
854 4329 907 4448 ‚de
939 4329 980 4413 la
1008 4327 1166 4437 Grarge
1195 4326 1395 4430 Tourrier,
1413 4325 1477 4410 lit-

157 4460 286 4546 teris
328 4456 491 4542 Taurini
524 4461 571 4561 ad
621 4484 687 4545 me
737 4461 834 4548 datis
886 4457 1107 4560 nunciauit,
1155 4455 1189 4536 le
1237 4453 1346 4572 hulua
1394 4455 1477 4538 uoti

150 4602 438 4695 compotem
460 4585 550 4695 ‚effe
581 4587 744 4690 sadoth,
776 4587 959 4698 limnlque
990 4584 1235 4669 fundamenta
1268 4582 1352 4698 suae
1373 4584 1476 4668 Ana-

238 4711 758 4805 Tom.X.Nou.Comm.
1061 4709 1104 4799 N
1284 4753 1286 4756 ·
1357 4707 1479 4816 lyleot
