4492 5809
288 688 301 700 „
431 562 1163 684 innanrnnrrn
1364 576 1452 707 nn

185 814 295 905 nullis
317 840 432 937 ‚tero
472 843 589 929 aquae
621 836 770 904 tantum
803 812 1041 905 adhrihenda
1077 820 1163 927 est,
1214 838 1254 907 et
1304 824 1458 933 aperi-
1495 778 1500 787 Ι

181 946 315 1059 pheria
345 952 468 1033 verius
501 970 674 1034 centrum
715 949 963 1060 progreditur.
1055 948 1244 1035 Videmus
1288 952 1378 1036 ideo
1416 954 1457 1035 in

148 1063 158 1094 ’·
183 1076 375 1159 nonnullis
421 1078 709 1187 exemplaribus
757 1078 926 1161 lamellas
973 1102 1004 1175 a,
1039 1076 1079 1163 <se
1132 1081 1295 1163 inuicem
1348 1081 1458 1190 plane

179 1204 362 1289 leinndlas
400 1202 509 1311 effe,
550 1202 864 1290 tt'l'ab.X11.
905 1204 973 1315 fig.
1012 1228 1051 1286 1.
1085 1232 1128 1291 a.
1164 1228 1205 1291 et
1238 1210 1278 1293 in
1309 1199 1541 1320 reliquls'stb
1567 1201 1646 1281 XH-

176 1323 261 1413 fere
291 1330 511 1435 omnibns,'
561 1336 601 1416 in
654 1335 789 1444 quibus
836 1334 979 1442 ubique
1025 1358 1119 1418 axes
1151 1360 1251 1421 nunc
1289 1338 1456 1449 integrae
1484 1301 1555 1408 mg·
1587 1338 1619 1382 ¹·

175 1483 280 1543 nunc
309 1481 440 1547 autem
472 1460 668 1547 diffrastae
699 1482 914 1547 cemuntnt.
988 1458 1101 1545 Hanc
1135 1464 1352 1549 erosronem
1387 1490 1457 1552 ve·

175 1612 244 1690 ro,
277 1612 372 1673 tete
403 1586 464 1671 his
493 1588 683 1699 lapidibus
706 1589 932 1698 contigisse,
981 1592 1197 1675 monstrant
1238 1587 1280 1705 a)
1311 1582 1469 1680 nauita*-

172 1729 236 1798 tes
264 1714 490 1824 cylindricae
520 1738 561 1799 et
593 1737 783 1827 gyratae,
817 1718 951 1827 quibus
978 1720 1169 1803 trochleae
1209 1720 1362 1803 insrdcre
1395 1722 1459 1805 so·

171 1844 283 1937 lent.
335 1868 431 1956 quae
483 1866 597 1955 gyros
634 1866 674 1928 et
700 1845 860 1928 annulos
891 1841 1033 1928 habere
1065 1871 1144 1927 non
1177 1842 1355 1954 pollent,
1385 1850 1454 1937 nifi

172 1972 366 2059 diameter
395 1974 651 2059 trochlearum
683 1972 792 2056 initio
830 1971 961 2057 malon
992 1969 1126 2058 fuitne.
1193 1974 1233 2082 bl
1278 1969 1454 2086 Apparet

171 2100 276 2185 Tab.
310 2098 410 2189 xtt.
446 2098 516 2212 fig.
550 2129 596 2206 4.
627 2100 668 2186 tl.
706 2099 819 2195 axis,
867 2100 907 2183 in
940 2100 1042 2186 cuius
1075 2101 1214 2187 medlo
1253 2104 1452 2215 vestigium
1477 2108 1553 2213 Flg.
1579 2144 1616 2209 4„

170 2231 355 2341 exiguum
390 2230 598 2315 rotundum
635 2230 811 2313 lamellae
841 2222 971 2312 enolae
1010 2228 1133 2315 adhuc
1167 2228 1314 2315 haeret.
1382 2232 1453 2317 His

143 2356 148 2370 '
170 2344 380 2442 rationibus
410 2360 527 2442 etiam
558 2357 729 2443 obiedtio
762 2357 874 2440 tertia
907 2357 1036 2441 reuelli
1063 2356 1203 2469 potest.
1268 2358 1451 2477 Quod'ad

170 2506 348 2597 qttartam
401 2484 569 2586 attinet,
615 2486 703 2567 icon
744 2480 845 2564 Tab.
868 2469 986 2567 ‘th
1026 2482 1090 2601 fig.
1142 2510 1183 2568 1.
1214 2482 1260 2567 p·
1280 2508 1364 2607 tres
1396 2484 1448 2570 la.
1473 2480 1548 2589 Fig.
1577 2510 1610 2565 r.

77 2610 83 2618 ’
171 2611 311 2696 mellan
358 2610 459 2694 circa
508 2608 599 2693 axin
647 2605 834 2695 versatiles
880 2607 1097 2718 monstrat,
1148 2634 1244 2721 quae
1296 2614 1450 2699 fraxin

168 2740 394 2850 diffringere
425 2737 627 2857 placeret,
674 2735 837 2845 ungulae
881 2737 1079 2823 lamellam
1117 2739 1291 2824 trochlae
1324 2742 1450 2852 perfo-

168 2890 296 2955 ratam
345 2868 612 2951 monllraturae
657 2864 798 2961 forent.
893 2866 961 2951 Ex
990 2866 1050 2951 his
1098 2869 1281 2953 omnibus
1310 2890 1450 2981 patet,
1504 2857 1507 2863 ’

166 2995 424 3083 dinerlitatem
458 3013 499 3077 et
527 2994 731 3105 discrimen·
757 2988 901 3103 lapides
927 2994 1077 3080 nollros
1115 2990 1352 3083 trochleatos
1383 2999 1445 3083 in·

161 3139 231 3209 ter
261 3145 303 3207 et
334 3116 554 3207 Eutrochos
584 3122 1005 3216 coltrmnaret‚·'nnllins
1037 3124 1113 3208 lere
1143 3126 1335 3209 momenti
1353 3132 1445 3236 elle,
1576 3202 1580 3209 .
1754 3182 1760 3209 t

163 3272 210 3337 et
244 3276 323 3336 noo
353 3252 422 3335 nist
454 3256 536 3335 calu
567 3252 676 3336 oriri.
759 3245 1120 3361 Stdngentiffimum
1154 3272 1283 3337 autem
1333 3270 1446 3365 argu.

162 3403 376 3486 mentum,
409 3401 455 3464 vt
485 3380 586 3465 mihi
620 3378 773 3480 quidem
807 3379 977 3487 uidetur,
1003 3382 1041 3463 in
1077 3380 1246 3463 trochlea
1281 3384 1444 3467 martiali

161 3510 297 3617 latet,
328 3509 429 3594 Tab.
458 3506 559 3592 Xll.
592 3508 659 3619 fig.
698 3530 741 3611 ς.
774 3506 840 3593 ubi
871 3509 909 3592 in
939 3534 974 3597 c.
1010 3532 1101 3593 vera
1132 3506 1311 3593 hrodum
1358 3508 1444 3597 liel-
1467 3498 1545 3610 Fit.
1577 3527 1621 3635 εὖ.

155 3638 245 3725 lata
275 3635 464 3727 Entrochi
493 3638 801 3753 deprehenditur.
1370 3636 1374 3649 ’
1593 3638 1598 3651 ’

713 3866 749 3971 l·
821 3897 896 3958 to.

183 4086 212 4121 .-
309 4028 531 4141 Antequam
564 4026 829 4138 colophonem
857 4023 962 4108 'hnic
1011 4015 1256 4107 dill'ertationi
1305 4017 1441 4133 impo-
1517 4008 1519 4013 ’

154 4184 291 4259 nam,
345 4160 462 4242 tribus
510 4156 615 4267 quod
664 4156 768 4239 aiunt
816 4154 963 4239 uerbin'
997 4170 1144 4233 tantum
1165 4211 1195 4261 ,‚
1230 4172 1359 4233 meam
1391 4150 1443 4234 de

152 4288 317 4395 origine
348 4286 635 4391 Trochorum,
683 4282 1005 4382 Eotrochorum,
1048 4278 1284 4373 Alienorum
1315 4278 1441 4389 fingu-

149 4417 294 4503 larnm
331 4435 372 4496 et
400 4412 682 4516 columnarium
717 4409 936 4496 sententiam
975 4406 1098 4493 adhuc
1147 4407 1292 4491 dicam.
1388 4408 1439 4491 ln

150 4542 475 4635 antecedentibus
538 4542 618 4627 ian
683 4538 769 4652 plut
824 4562 909 4622 tna·
950 4536 1051 4623 nice
1087 4533 1183 4622 hant
1210 4532 1444 4647 ‘pettehert‘

268 4702 273 4711 ·
738 4664 933 4755 Hhha
1320 4662 1439 4775 parti-
