4492 5809
613 546 1039 696 melotae<-
1403 563 1467 669 στ’

199 798 297 866 eem
328 773 566 891 agentibus,
596 781 708 869 sensu
737 777 915 895 generali
946 781 1114 901 accepti·
1130 781 1239 877 uires
1270 787 1469 878 humanae

201 908 293 1013 Cel
332 910 508 996 Austnri
552 913 704 999 merito
741 914 1017 1027 transcendere
1040 917 1254 1027 ¹uidetur,
1293 920 1470 1006 tentauit

201 1038 310 1134 illud
343 1038 575 1125 restrictum
607 1039 763 1129 soluere
796 1042 926 1161 pofita
950 1040 1070 1131 mafl'a
1090 1046 1214 1128 unius
1239 1070 1335 1160 prae
1365 1045 1470 1130 binis

199 1166 371 1283 reliquis
402 1170 694 1278 euanescente,
736 1191 787 1257 rt
823 1171 974 1260 scilicet
1004 1174 1236 1285 incipiendo
1266 1198 1290 1259 a
1321 1160 1472 1281 calibnt

199 1294 515 1410 particularibus
545 1302 661 1385 viam
688 1300 835 1385 sternm
862 1296 914 1382 ad
940 1298 1187 1387 solutionem
1209 1300 1474 1414 problematis

197 1418 312 1514 sensu
353 1423 552 1535 generali¹
573 1426 760 1543 accepti,
809 1424 973 1511 Verum
1020 1428 1204 1514 restricto
1253 1432 1381 1517 etiam
1417 1416 1474 1520 lie
1594 1425 1598 1434 “

201 1550 458 1670 problemate
498 1572 631 1641 mutae
646 1552 930 1675 *difficultates
968 1554 1012 1638 in
1044 1555 1247 1644 solutione
1278 1561 1367 1648 eius
1397 1559 1475 1646 sese

197 1681 470 1793 obtulerant,
509 1700 557 1771 ut
588 1686 673 1801 ipse
703 1683 790 1773 Cel
818 1683 985 1771 lentior
1013 1666 1160 1805 frustra
1195 1685 1239 1767 in
1271 1689 1474 1774 euoluen-

199 1812 261 1907 do
282 1838 334 1901 eo
365 1816 403 1901 se
430 1808 625 1899 desudasse
655 1816 842 1901 Fateatur.
887 1813 1048 1901 Interea
1078 1811 1308 1901 obseruauit
1334 1814 1478 1902 etfitm

197 1948 434 2055 perquam
465 1939 713 2055 lingularem
741 1959 785 2030 et
815 1938 1057 2051 notabilem,
1087 1966 1174 2054 quo
1197 1943 1337 2031 Lunae
1361 1947 1474 2031 eius·

199 2068 322 2157 modi
350 2068 490 2155 motus
521 2072 712 2189 imprimi
744 2071 936 2185 potuilset
954 2134 967 2180 ,
985 2060 986 2063 ‘
1003 2090 1285 2189 utu-perpetuo
1317 2070 1388 2159 rel
1427 2076 1472 2158 in

194 2198 461 2314 oppolitione
495 2197 562 2285 uel
593 2204 638 2289 in
678 2200 978 2289 Coniuntiione
1010 2226 1107 2286 cum
1139 2199 1234 2303 Sole
1265 2203 1474 2311 apparuis-

193 2326 291 2437 let,
319 2326 352 2413 fi
382 2329 431 2417 sc.
459 2326 586 2417 ,Luna
615 2349 761 2447 quater
792 2332 875 2419 fere
905 2328 1071 2436 longius
1102 2355 1126 2416 a
1155 2329 1281 2451 nobis·
1298 2349 1472 2447 remota,

191 2476 243 2541 et
275 2456 313 2549 ei
345 2458 549 2547 eiusmodi
582 2478 723 2549 motus
752 2456 966 2574 impreffus
996 2449 1159 2568 fuisset,¹
1182 2477 1230 2543 ut
1255 2458 1346 2572 pari
1362 2459 1473 2569 pallu

189 2608 302 2681 ,cum
348 2586 494 2697 'l'erra¹
531 2589 576 2669 in
627 2588 751 2699 plano
796 2589 1020 2700 Eclipticae
1062 2587 1223 2693 ingredi
1262 2587 1474 2695 inciperet.

192 2710 322 2801 Licet
361 2710 505 2795 fidiam
543 2710 793 2820 hypothesrn
839 2714 927 2800 Cel.
960 2715 1136 2821 ,Αιιάοτ
1175 2714 1223 2795 in
1269 2713 1474 2798 calculum

192 2837 507 2941 introduxerit,
536 2862 681 2927 veram
712 2834 852 2939 nihilo
881 2840 1021 2924 minus
1034 2837 1200 2923 exinde
1230 2855 1274 2922 et
1302 2841 1477 2926 minime

190 2968 462 3081 expectatam
493 2960 635 3050 elicuit
674 2966 723 3049 de
752 2964 890 3054 limite
910 2962 1157 3084 ¹Satellitum
1187 2966 1339 3053 Terrae
1371 2995 1472 3055 con·

191 3092 461 3199 clufinnem;
500 3092 671 3205 corp‘ora
708 3115 858 3204 nempe
885 3116 990 3203 quae
1022 3092 1255 3206 quadruplo
1282 3098 1413 3205 magis
1445 3121 1471 3183 a

191 3227 318 3315 nobis
348 3250 394 3309 ac
422 3220 543 3311 Luna
573 3221 718 3308 distant
756 3221 801 3307 in
834 3240 1064 3307 numerum
1093 3218 1351 3330 planetarum
1386 3224 1473 3335 pri-

114 3366 119 3373 '
193 3357 462 3457 marlotum,
509 3349 705 3465 propiora
743 3371 846 3435 uero
884 3346 930 3433 in
968 3370 1196 3438 numerum
1230 3344 1470 3438 satellitum

147 3542 151 3548 ·
196 3501 339 3571 terrae
371 3480 578 3587 referenda
607 3480 713 3567 sunt.
950 3558 961 3581 ,
1174 3586 1180 3599 ‚
1222 3471 1227 3481 ’

94 3618 97 3621 ’
363 3610 425 3698 Vt
456 3612 576 3698 Luna
603 3604 816 3697 coniundia
847 3609 915 3699 vel
946 3598 1132 3725 oppofita
1156 3626 1355 3723 perpetuo
1386 3604 1475 3700 Soli

191 3730 404 3849 maneat,
456 3756 605 3825 motus·
643 3736 714 3824 illi
759 3740 804 3823 in
854 3738 979 3854 plano
1017 3739 1246 3851 Eclipticae
1284 3741 1475 3851 idemque

189 3894 307 3951 cum
336 3863 509 3958 Tellure
539 3866 814 3981 imprimatur
865 3855 1014 3969 necelse
1053 3872 1139 3975 est,
1174 3866 1350 3979 quand
1372 3859 1476 3952 uero

190 3994 285 4085 ille
313 4020 339 4081 a
369 3996 457 4108 lege
504 3992 580 4082 hac
628 3998 861 4111 discrepet,
901 3998 1020 4084 Luna
1058 3996 1228 4103 exiguas
1267 3992 1475 4079 excurfio-

190 4148 294 4233 nes,
307 4122 406 4215 lninc
436 4125 528 4213 inde
557 4120 777 4213 oscillando
795 4140 1006 4237 tanquam
1028 4121 1226 4211 conficiet
1275 4119 1363 4209 Cel.
1379 4125 1475 4207 Au·

193 4254 301 4341 fior
331 4274 523 4343 naturam
553 4277 717 4369 quoque
745 4274 893 4340 earum
925 4249 1114 4367 adhibitis
1146 4249 1475 4364 approximatio-

191 4382 325 4473 nibos
354 4409 437 4493 eo,
478 4406 566 4498 quo
593 4382 722 4509 pollet
760 4382 980 4498 acumine,
1016 4383 1062 4474 in
1097 4376 1364 4489 diffematime
1402 4375 1475 4461 ista

194 4508 410 4633 scrutantr
439 4512 505 4605 elb
731 4594 736 4603 .
1268 4586 1274 4605 .
1396 4584 1400 4591 .

195 4626 214 4727 ss
348 4636 368 4643 '‘
797 4642 876 4766 Η.
1271 4630 1475 4759 INDEX
