4492 5809
384 555 808 655 mronrnarrn
836 546 1291 657 annuntiemur.
1372 509 1459 672 rua

199 788 350 879 infinite
378 820 515 905 parunt
547 820 569 878 a
599 793 776 901 cycloide
804 794 1055 907 discrepent,
1096 790 1264 902 indeque
1303 814 1466 901 praece·

57 980 64 1001 .
199 923 325 1007 dentes
353 925 540 1007 continuo
568 925 692 1034 magis
722 927 927 1027 recedere,
958 920 1084 1009 donec
1114 922 1273 1005 tandem
1304 923 1346 1001 in
1373 917 1467 1002 inii-

197 1054 312 1135 nitunr
346 1052 598 1162 regrediendo
627 1053 678 1135 ad
707 1074 842 1139 ctuuas
870 1054 1049 1137 maxime
1076 1076 1102 1139 a
1131 1048 1311 1159 cycioidis
1335 1066 1468 1133 natura

196 1176 409 1297 diffidentes
437 1178 694 1292 perueniatur.
1505 1194 1510 1203 ·

342 1476 478 1567 Aliam
510 1474 704 1568 dubitandi
736 1480 930 1595 rationem
960 1478 1143 1593 praebere
1171 1480 1355 1569 ridentur
1379 1505 1467 1568 cur·

191 1630 294 1711 rue,
336 1620 433 1721 quae
461 1608 534 1695 suis
562 1608 722 1695 enodetis
752 1608 897 1691 ordinis
927 1616 1185 1718 cuiuscunque
1213 1616 1295 1693 iurnt
1326 1636 1466 1723 aequa·

187 1735 256 1820 les.
324 1734 368 1822 Si
396 1740 502 1823 enirn
536 1734 681 1824 ΑΜΒ
706 1732 821 1821 fuerit
849 1761 964 1823 curua
994 1735 1080 1823 suae
1116 1736 1288 1822 euolutae
1328 1740 1464 1823 tertiae

182 1864 365 1974 aequalis,
383 1867 494 1978 eique
509 1892 606 1979 ergo
621 1866 781 1977 aequalis
798 1864 845 1949 fit
861 1890 976 1951 curua
998 1854 1224 1970 A‘N‘sss‘,
1249 1864 1311 1953 seu
1326 1888 1462 1978 quartu

179 1990 368 2077 innostra
387 1997 499 2103 serie,
530 1996 586 2087 ob
601 2000 766 2081 eaodem
793 1994 989 2079 rationem
1020 1994 1089 2105 ipii
1117 2018 1269 2106 quoque
1290 1996 1464 2107 aequales

180 2142 299 2209 erunt
329 2121 521 2232 ieptima‚
548 2124 727 2229 decima,
754 2121 1029 2209 tertiadecima
1059 2142 1099 2205 et
1130 2123 1182 2205 ita
1199 2148 1340 2234 porro;
1359 2126 1462 2207 unde

177 2270 267 2333 erun
306 2250 431 2360 prima
463 2274 544 2335 nou
573 2250 829 2357 srtcyc10is,
878 2252 998 2333 etiarn
1037 2249 1078 2332 io
1109 2248 1366 2334 infinitefinris
1395 2273 1462 2356 cy-

171 2372 276 2461 eiois
309 2402 390 2461 nun
418 2400 603 2464 occurret.
687 2378 836 2465 Verum
877 2377 1000 2463 fires
1029 2379 1242 2463 accuranus
1292 2402 1463 2490 perpen-

174 2506 320 2613 datur,
348 2528 449 2588 mox
482 2508 649 2618 patebit,
681 2506 800 2589 talem
833 2504 1031 2612 euolutae‚
1049 2508 1155 2589 uerbi
1172 2507 1294 2613 gratia
1313 2508 1463 2615 tertiae,

170 2631 494 2717 conuenientium
523 2658 614 2721 curn
644 2630 883 2749 praescriptis
916 2630 982 2717 hic
1031 2630 1317 2719 euolutiouibus
1358 2656 1464 2719 con-

168 2756 307 2863 fiiiece
331 2772 418 2845 'non
448 2761 567 2875 poiie.

328 3050 433 3141 Cum
478 3074 604 3143 autern
656 3054 751 3142 haec
798 3074 1059 3167 argumenta,
1097 3054 1165 3141 etfi
1198 3054 1241 3140 iu
1271 3052 1307 3139 se
1339 3054 1461 3167 piuri-

163 3210 291 3273 mum
323 3186 473 3273 roboris
500 3186 663 3293 habent,
692 3205 824 3269 tamen
857 3210 940 3267 non
970 3186 1054 3269 satis
1084 3184 1200 3269 firma
1241 3184 1457 3293 videantur,

163 3338 219 3400 vt
252 3315 593 3400 demonstrationis
619 3314 712 3397 loco
742 3312 897 3398 admitti
929 3334 1101 3424 queant,
1149 3315 1337 3425 quoniam
1370 3339 1454 3401 non

159 3468 225 3533 ex
283 3441 364 3555 ipse
413 3446 468 3527 rei
508 3462 639 3528 namra
668 3442 752 3526 scrut
780 3442 935 3552 pentat
967 3442 1168 3527 conueniet
1199 3440 1298 3527 hanc
1328 3448 1454 3529 conti·

154 3596 300 3685 nuans
332 3572 595 3657 euolutionens
624 3569 832 3658 accuratius
855 3570 1056 3681 expendi,
1087 3588 1147 3676 et,
1178 3569 1220 3653 in
1251 3570 1359 3653 cuius
1384 3599 1456 3682 ge-

150 3700 282 3784 neris
317 3724 447 3784 cunctas
475 3702 630 3787 tandem
661 3700 830 3785 definere
857 3700 1024 3806 debeat,
1055 3697 1280 3804 inueiiigari.
1346 3701 1453 3789 Hinc
1532 3787 1535 3791 Α

148 3828 286 3911 enim
324 3852 403 3911 noo
433 3826 554 3914 solum
585 3829 721 3913 clarius
749 3826 996 3912 theorematis
1024 3828 1228 3909 veritatem
1245 3828 1453 3934 perspicie-

144 3979 294 4059 mus,
333 3954 394 4039 sed
424 3959 545 4042 etiarn
579 3954 783 4043 methodus
793 4020 808 4066 ,
835 3980 909 4067 qua
936 3976 1046 4065 rrae,
1075 3954 1229 4039 adalia
1256 3954 1452 4065 praeclara

143 4084 369 4171 deducere
397 4084 507 4198 porse
537 4085 704 4171 ridettu.
1093 4102 1096 4110 ’

768 4241 872 4337 ΧΠ.

173 4442 180 4451 ·
290 4391 489 4483 frimam
523 4419 651 4489 autem
684 4400 864 4495 obieruo,
892 4426 948 4488 erc
977 4419 1109 4494 natura
1137 4400 1367 4490 euolutionis
1394 4400 1451 4488 se·

134 4532 325 4622 eundae
349 4550 488 4616 cuuae
516 4528 672 4625 ANB‘
700 4532 850 4620 radium
881 4534 997 4620 oscuii
1025 4536 1069 4620 in
1100 4533 1141 4618 A
1172 4530 1251 4619 eiie
1280 4530 1447 4677 nuiluop,

1300 4726 1304 4732 .
1404 4684 1450 4747 ιιι
