4492 5809
606 584 736 697 πεπις
768 591 785 695 ι
819 610 846 671 0
879 579 896 699 ι
928 584 1046 693 aa·
1365 528 1482 694 sn

214 804 412 897 Tandem
432 808 561 899 adhuc
593 816 820 903 noandum
854 818 927 922 est,
943 814 1145 901 occafione
1176 806 1332 901 horum
1359 839 1488 929 expe·

219 942 494 1029 timentorum
524 967 706 1027 errorem
738 949 999 1057 quorundam
1032 944 1303 1051 Physrcorum
1346 946 1487 1053 anagni

216 1071 394 1153 nominis
424 1072 499 1157 esse
530 1073 760 1180 detedium,
799 1078 871 1185 qui
906 1072 1130 1165 statuerunt
1162 1079 1291 1183 frigus
1321 1098 1486 1185 quoque

213 1198 387 1307 produci
420 1195 571 1311 solere,
600 1199 631 1283 fi
664 1204 829 1309 spiritus
859 1205 950 1289 uini
982 1206 1082 1291 oleis
1111 1199 1376 1294 essentialibus
1399 1206 1484 1289 mi-

210 1325 377 1415 sceatur.
458 1328 535 1415 Sed
576 1327 623 1409 hi
655 1328 738 1411 stne
767 1330 895 1415 dubio
926 1334 1081 1436 ignari·
1103 1331 1484 1440 phaenomenorum

212 1458 512 1570 paradoxorum
565 1454 856 1541 recensitorum
910 1457 1091 1543 mistioni
1144 1458 1228 1543 olei
1274 1458 1483 1546 essentialia

209 1612 312 1673 cum
345 1588 484 1697 spiritu
519 1587 607 1671 uini
642 1584 898 1690 tribuerunt,
928 1588 1037 1697 quod
1067 1583 1233 1669 essemus
1262 1583 1387 1670 solius
1402 1589 1484 1701 spi·

210 1720 320 1801 ritus
351 1717 475 1822 uini,
508 1724 605 1826 (per
635 1707 928 1825 antecedentia)
960 1714 1034 1799 effe
1067 1710 1200 1822 solet,
1231 1714 1333 1798 dum
1368 1715 1483 1801 ther--

205 1864 470 1932 mometrum
509 1840 769 1951 extrahitur,
818 1864 860 1927 et
898 1843 941 1925 in
969 1848 1075 1928 'a'e're
1125 1846 1251 1928 etiam
1292 1841 1483 1930 calidiore

205 1972 478 2085 suspenditur.
546 1969 697 2061 Multis
729 1975 1020 2085 experimentis
1053 1970 1132 2057 hoc
1162 1998 1329 2085 quoque
1363 1999 1482 2084 egre-

203 2107 280 2213 gie
312 2101 602 2189 confirmatum
631 2104 698 2189 est.

631 2378 1011 2469 ΙΙι..

203 2598 448 2727 Piscium
481 2604 757 2719 rariorum
779 2638 812 2718 e
838 2594 1037 2718 Museo
1056 2540 1346 2761 Petrop.
1306 2630 1480 2720 exee-

321 2795 456 2935 ptos
458 2806 557 2884 um
600 2760 999 2925 descriptiones
1041 2770 1368 2888 continuae.

204 3016 554 3169 Auuorel.
588 3030 679 3152 T
720 3027 1146 3219 Koeblreutero
1187 3068 1322 3197 pag
1308 3076 1470 3203 ‚329s

205 3338 491 3601 Tredecim
528 3286 735 3447 aClariss.
769 3279 1068 3444 Koehlreutero
1111 3358 1283 3469 piscium
1325 3354 1475 3447 deseri

347 3508 508 3607 ptiones
557 3490 676 3575 nobis
721 3490 863 3571 testate
922 3468 1065 3577 Tomi
1095 3464 1220 3577 vlll.
1275 3482 1475 3580 diotimus·

206 3596 368 3711 Harum
410 3621 726 3731 descriptionum
763 3635 841 3699 tres
879 3616 992 3702 dieto
1030 3620 1172 3702 Tomo
1212 3617 1471 3703 inseruimus.

206 3756 332 3859 sex
311 3782 363 3839 sn
400 3753 676 3865 praecedente
691 3746 990 3867 reperiuntur.
1017 3745 1289 3859 Sequuntur
1273 3773 1321 3832 an
1354 3768 1473 3860 pme·
1616 3750 1620 3757 ’

204 3882 309 3987 septi
362 3905 552 3995 quatuor
585 3880 774 3995 reliquae.
858 3876 995 3963 Prima
1029 3900 1207 3985 earum,
1256 3868 1470 3983 lophlusp

203 4009 376 4111 ossiculo
405 4013 548 4101 srontis
583 4003 796 4095 tentaculis
829 4004 1032 4111 carnosis,
1072 3988 1346 4117 martialibus,
1388 4021 1474 4089 ter·-

206 4136 392 4239 minato,
423 4141 615 4253 depingit.
678 4131 856 4220 Secunda
890 4130 1053 4219 Molem
1085 4118 1330 4235 aculeatam,
1368 4128 1471 4217 lim-

205 4274 261 4357 bo
282 4269 503 4374 abdominis
526 4264 746 4380 produdio,
779 4280 1009 4366 attenuato,
1041 4262 1228 4366 carnoso,
1262 4262 1470 4355 monstrat

205 4399 339 4487 Percis
350 4399 516 4509 pinnae
545 4392 737 4507 dorsualis
768 4392 888 4476 radiis
921 4392 1108 4474 undecim
1141 4388 1335 4513 spinosis,
1366 4416 1472 4500 qua

207 4530 434 4637 tuordecim
475 4522 721 4632 mollibus3·
683 4520 884 4735 ,iaspis
904 4516 1055 4617 duabus
1075 4500 1221 4645 latis,
1208 4496 1478 4731 ,albicpppc

842 4672 866 4727 2
955 4662 959 4671 '
1392 4674 1472 4759 us,
1577 4686 1582 4695 ·
