<?xml version="1.0" encoding="UTF-8"?>
<!DOCTYPE html PUBLIC "-//W3C//DTD XHTML 1.0 Transitional//EN"
    "http://www.w3.org/TR/xhtml1/DTD/xhtml1-transitional.dtd">
<html xmlns="http://www.w3.org/1999/xhtml" xml:lang="en" lang="en">
 <head>
  <title>
</title>
<meta http-equiv="Content-Type" content="text/html;charset=utf-8" />
  <meta name='ocr-system' content='tesseract 3.04.00' />
  <meta name='ocr-capabilities' content='ocr_page ocr_carea ocr_par ocr_line ocrx_word'/>
</head>
<body>
  <div class='ocr_page' id='page_1' title='image "./novicommentarii09sssrgoog_0131.png"; bbox 0 0 4492 5809; ppageno 0'>
   <div class='ocr_carea' id='block_1_1' title="bbox 316 517 1606 683">
    <p class='ocr_par' dir='ltr' id='par_1_1' title="bbox 316 517 1606 683">
     <span class='ocr_line' id='line_1_1' title="bbox 316 517 1606 683; baseline 0.01 -22"><span class='ocrx_word' id='word_1_1' title='bbox 316 517 349 678; x_wconf 75' lang='lat' dir='ltr'>J</span> <span class='ocrx_word' id='word_1_2' title='bbox 407 561 692 665; x_wconf 72' lang='lat' dir='ltr'>crucum</span> <span class='ocrx_word' id='word_1_3' title='bbox 742 552 1233 667; x_wconf 66' lang='lat' dir='ltr'>rrurru&#39;ror&#39;rtfu</span> <span class='ocrx_word' id='word_1_4' title='bbox 1393 597 1454 683; x_wconf 65' lang='lat' dir='ltr'>e,</span> <span class='ocrx_word' id='word_1_5' title='bbox 1600 605 1606 614; x_wconf 93' lang='lat'><strong>·</strong></span> 
     </span>
    </p>
   </div>
   <div class='ocr_carea' id='block_1_2' title="bbox 152 797 1534 3978">
    <p class='ocr_par' dir='ltr' id='par_1_2' title="bbox 152 797 1534 3978">
     <span class='ocr_line' id='line_1_2' title="bbox 189 797 1458 917; baseline 0.001 -27"><span class='ocrx_word' id='word_1_6' title='bbox 189 816 230 890; x_wconf 82' lang='lat' dir='ltr'>et</span> <span class='ocrx_word' id='word_1_7' title='bbox 250 829 286 912; x_wconf 87' lang='lat' dir='ltr'><em>y</em></span> <span class='ocrx_word' id='word_1_8' title='bbox 314 797 462 896; x_wconf 81' lang='lat' dir='ltr'>infinite</span> <span class='ocrx_word' id='word_1_9' title='bbox 496 825 632 916; x_wconf 87' lang='lat' dir='ltr'>parum</span> <span class='ocrx_word' id='word_1_10' title='bbox 664 802 1009 915; x_wconf 68' lang='lat' dir='ltr'><strong>quomodocunque</strong></span> <span class='ocrx_word' id='word_1_11' title='bbox 1042 802 1244 914; x_wconf 73' lang='lat' dir='ltr'>varietur3</span> <span class='ocrx_word' id='word_1_12' title='bbox 1288 800 1458 917; x_wconf 77' lang='lat' dir='ltr'>haecque</span> 
     </span>
     <span class='ocr_line' id='line_1_3' title="bbox 186 929 1460 1045; baseline 0 -27"><span class='ocrx_word' id='word_1_13' title='bbox 186 932 359 1044; x_wconf 81' lang='lat' dir='ltr'>quaestio</span> <span class='ocrx_word' id='word_1_14' title='bbox 385 937 463 1045; x_wconf 83' lang='lat' dir='ltr'>iam</span> <span class='ocrx_word' id='word_1_15' title='bbox 496 929 674 1017; x_wconf 74' lang='lat' dir='ltr'>infinitior</span> <span class='ocrx_word' id='word_1_16' title='bbox 704 931 814 1016; x_wconf 80' lang='lat' dir='ltr'>latius</span> <span class='ocrx_word' id='word_1_17' title='bbox 845 951 979 1043; x_wconf 82' lang='lat' dir='ltr'>patet,</span> <span class='ocrx_word' id='word_1_18' title='bbox 1009 955 1128 1040; x_wconf 85' lang='lat' dir='ltr'>quam</span> <span class='ocrx_word' id='word_1_19' title='bbox 1159 929 1360 1040; x_wconf 87' lang='lat' dir='ltr'>superior,</span> <span class='ocrx_word' id='word_1_20' title='bbox 1392 933 1460 1018; x_wconf 83' lang='lat' dir='ltr'>ubi</span> 
     </span>
     <span class='ocr_line' id='line_1_4' title="bbox 187 1059 1460 1172; baseline 0.002 -30"><span class='ocrx_word' id='word_1_21' title='bbox 187 1076 339 1144; x_wconf 80' lang='lat' dir='ltr'>tantum</span> <span class='ocrx_word' id='word_1_22' title='bbox 371 1060 537 1146; x_wconf 85' lang='lat' dir='ltr'>mutatio</span> <span class='ocrx_word' id='word_1_23' title='bbox 567 1067 620 1144; x_wconf 85' lang='lat' dir='ltr'>ert&#39;</span> <span class='ocrx_word' id='word_1_24' title='bbox 651 1061 863 1144; x_wconf 77' lang='lat' dir='ltr'>uariatione</span> <span class='ocrx_word' id='word_1_25' title='bbox 896 1060 1100 1172; x_wconf 82' lang='lat' dir='ltr'>patamctri</span> <span class='ocrx_word' id='word_1_26' title='bbox 1125 1059 1284 1143; x_wconf 89' lang='lat' dir='ltr'>oriunda</span> <span class='ocrx_word' id='word_1_27' title='bbox 1301 1059 1460 1170; x_wconf 76' lang='lat' dir='ltr'>assigna.</span> 
     </span>
     <span class='ocr_line' id='line_1_5' title="bbox 187 1179 1530 1298; baseline 0.001 -27"><span class='ocrx_word' id='word_1_28' title='bbox 187 1188 221 1271; x_wconf 89' lang='lat' dir='ltr'>ri</span> <span class='ocrx_word' id='word_1_29' title='bbox 253 1185 432 1275; x_wconf 79' lang='lat' dir='ltr'>debebat</span> <span class='ocrx_word' id='word_1_30' title='bbox 497 1187 627 1272; x_wconf 88' lang='lat' dir='ltr'>Potest</span> <span class='ocrx_word' id='word_1_31' title='bbox 657 1189 778 1271; x_wconf 83' lang='lat' dir='ltr'>etiem</span> <span class='ocrx_word' id='word_1_32' title='bbox 810 1185 901 1270; x_wconf 91' lang='lat' dir='ltr'>loco</span> <span class='ocrx_word' id='word_1_33' title='bbox 930 1185 1112 1298; x_wconf 78' lang='lat' dir='ltr'>simplicis</span> <span class='ocrx_word' id='word_1_34' title='bbox 1142 1186 1369 1270; x_wconf 83' lang='lat' dir='ltr'>formulae</span> <span class='ocrx_word' id='word_1_35' title='bbox 1359 1208 1462 1274; x_wconf 87' lang='lat' dir='ltr'>rute·</span> <span class='ocrx_word' id='word_1_36' title='bbox 1527 1179 1530 1184; x_wconf 70' lang='grc'><strong>’</strong></span> 
     </span>
     <span class='ocr_line' id='line_1_6' title="bbox 184 1307 1460 1436; baseline 0.002 -40"><span class='ocrx_word' id='word_1_37' title='bbox 184 1313 299 1424; x_wconf 82' lang='lat' dir='ltr'>gmlis</span> <span class='ocrx_word' id='word_1_38' title='bbox 332 1307 491 1422; x_wconf 80' lang='lat' dir='ltr'>sde</span> <span class='ocrx_word' id='word_1_39' title='bbox 523 1313 715 1436; x_wconf 77' lang='lat' dir='ltr'>expressio</span> <span class='ocrx_word' id='word_1_40' title='bbox 745 1335 1007 1424; x_wconf 82' lang='lat' dir='ltr'>quaecunque,</span> <span class='ocrx_word' id='word_1_41' title='bbox 1039 1331 1232 1423; x_wconf 83' lang='lat' dir='ltr'>utcunque</span> <span class='ocrx_word' id='word_1_42' title='bbox 1260 1335 1317 1404; x_wconf 79' lang='lat' dir='ltr'>ex</span> <span class='ocrx_word' id='word_1_43' title='bbox 1345 1340 1391 1428; x_wconf 78' lang='lat' dir='ltr'>x,</span> <span class='ocrx_word' id='word_1_44' title='bbox 1418 1343 1460 1423; x_wconf 78' lang='grc' dir='ltr'>γ,</span> 
     </span>
     <span class='ocr_line' id='line_1_7' title="bbox 182 1425 1463 1562; baseline 0.005 -38"><span class='ocrx_word' id='word_1_45' title='bbox 182 1439 407 1562; x_wconf 76' lang='lat' dir='ltr'>laurumque</span> <span class='ocrx_word' id='word_1_46' title='bbox 457 1428 768 1525; x_wconf 71' lang='lat' dir='ltr'>differeuualibu&#39;u</span> <span class='ocrx_word' id='word_1_47' title='bbox 820 1455 938 1545; x_wconf 77' lang='lat' dir='ltr'>atque</span> <span class='ocrx_word' id='word_1_48' title='bbox 987 1425 1160 1522; x_wconf 77' lang='lat' dir='ltr'>formulis</span> <span class='ocrx_word' id='word_1_49' title='bbox 1220 1439 1463 1553; x_wconf 69' lang='lat' dir='ltr'>integralibus</span> 
     </span>
     <span class='ocr_line' id='line_1_8' title="bbox 183 1551 1461 1680; baseline 0.006 -30"><span class='ocrx_word' id='word_1_50' title='bbox 183 1567 433 1680; x_wconf 77' lang='lat' dir='ltr'>composta,</span> <span class='ocrx_word' id='word_1_51' title='bbox 463 1551 723 1672; x_wconf 69' lang='lat' dir='ltr'>confiderem,</span> <span class='ocrx_word' id='word_1_52' title='bbox 771 1580 854 1677; x_wconf 78' lang='lat' dir='ltr'>qud</span> <span class='ocrx_word' id='word_1_53' title='bbox 881 1566 1028 1676; x_wconf 83' lang='lat' dir='ltr'>longius</span> <span class='ocrx_word' id='word_1_54' title='bbox 1058 1565 1156 1648; x_wconf 81' lang='lat' dir='ltr'>lra‘ec</span> <span class='ocrx_word' id='word_1_55' title='bbox 1186 1567 1360 1654; x_wconf 68' lang='lat' dir='ltr'>indatio</span> <span class='ocrx_word' id='word_1_56' title='bbox 1391 1579 1461 1658; x_wconf 72' lang='lat' dir='ltr'>ed</span> 
     </span>
     <span class='ocr_line' id='line_1_9' title="bbox 180 1693 1463 1810; baseline 0.002 -31"><span class='ocrx_word' id='word_1_57' title='bbox 180 1697 403 1809; x_wconf 53' lang='lat' dir='ltr'>tenuatum</span> <span class='ocrx_word' id='word_1_58' title='bbox 435 1711 521 1782; x_wconf 90' lang='lat' dir='ltr'>tum</span> <span class='ocrx_word' id='word_1_59' title='bbox 553 1713 649 1780; x_wconf 79' lang='lat' dir='ltr'>uero</span> <span class='ocrx_word' id='word_1_60' title='bbox 681 1693 839 1779; x_wconf 75' lang='lat' dir='ltr'>calculus</span> <span class='ocrx_word' id='word_1_61' title='bbox 870 1694 1119 1778; x_wconf 74' lang='lat' dir='ltr'>tudelionum</span> <span class='ocrx_word' id='word_1_62' title='bbox 1150 1693 1296 1802; x_wconf 83' lang='lat' dir='ltr'>regulas</span> <span class='ocrx_word' id='word_1_63' title='bbox 1327 1700 1463 1810; x_wconf 81' lang='lat' dir='ltr'>suppe-</span> 
     </span>
     <span class='ocr_line' id='line_1_10' title="bbox 176 1819 1463 1934; baseline 0.001 -25"><span class='ocrx_word' id='word_1_64' title='bbox 176 1823 342 1928; x_wconf 82' lang='lat' dir='ltr'>ditabit,</span> <span class='ocrx_word' id='word_1_65' title='bbox 378 1825 633 1910; x_wconf 76' lang='lat' dir='ltr'><strong>mutationem</strong></span> <span class='ocrx_word' id='word_1_66' title='bbox 666 1820 890 1907; x_wconf 85' lang='lat' dir='ltr'>huiusmodi</span> <span class='ocrx_word' id='word_1_67' title='bbox 918 1821 1197 1931; x_wconf 76' lang='lat' dir='ltr'>expressionum</span> <span class='ocrx_word' id='word_1_68' title='bbox 1228 1819 1463 1934; x_wconf 85' lang='lat' dir='ltr'>definiendi,</span> 
     </span>
     <span class='ocr_line' id='line_1_11' title="bbox 177 1949 1462 2063; baseline 0.004 -30"><span class='ocrx_word' id='word_1_69' title='bbox 177 1975 288 2063; x_wconf 79' lang='lat' dir='ltr'>quae</span> <span class='ocrx_word' id='word_1_70' title='bbox 317 1954 369 2035; x_wconf 85' lang='lat' dir='ltr'>ob</span> <span class='ocrx_word' id='word_1_71' title='bbox 399 1953 625 2035; x_wconf 87' lang='lat' dir='ltr'>relationem</span> <span class='ocrx_word' id='word_1_72' title='bbox 660 1949 895 2036; x_wconf 78' lang='lat' dir='ltr'>variabilium</span> <span class='ocrx_word' id='word_1_73' title='bbox 927 1976 958 2037; x_wconf 87' lang='lat' dir='ltr'>rr</span> <span class='ocrx_word' id='word_1_74' title='bbox 983 1969 1025 2035; x_wconf 90' lang='lat' dir='ltr'>et</span> <span class='ocrx_word' id='word_1_75' title='bbox 1043 1975 1099 2056; x_wconf 66' lang='lat' dir='ltr'>y,</span> <span class='ocrx_word' id='word_1_76' title='bbox 1122 1967 1315 2060; x_wconf 82' lang='lat' dir='ltr'>uteunque</span> <span class='ocrx_word' id='word_1_77' title='bbox 1366 1953 1462 2039; x_wconf 66' lang='lat' dir='ltr'>rnna</span> 
     </span>
     <span class='ocr_line' id='line_1_12' title="bbox 176 2074 1534 2195; baseline 0.002 -33"><span class='ocrx_word' id='word_1_78' title='bbox 176 2081 270 2163; x_wconf 83' lang='lat' dir='ltr'>uite</span> <span class='ocrx_word' id='word_1_79' title='bbox 300 2101 438 2189; x_wconf 82' lang='lat' dir='ltr'>parum</span> <span class='ocrx_word' id='word_1_80' title='bbox 471 2098 690 2183; x_wconf 86' lang='lat' dir='ltr'>mutatam,</span> <span class='ocrx_word' id='word_1_81' title='bbox 733 2077 822 2187; x_wconf 84' lang='lat' dir='ltr'>ipsiu</span> <span class='ocrx_word' id='word_1_82' title='bbox 853 2080 1053 2195; x_wconf 82' lang='lat' dir='ltr'>inducitur.</span> <span class='ocrx_word' id='word_1_83' title='bbox 1113 2074 1346 2162; x_wconf 67' lang='lat' dir='ltr'>uMethodur</span> <span class='ocrx_word' id='word_1_84' title='bbox 1375 2080 1460 2192; x_wconf 91' lang='lat' dir='ltr'>qui·</span> <span class='ocrx_word' id='word_1_85' title='bbox 1531 2175 1534 2181; x_wconf 57' lang='grc'><em>,</em></span> 
     </span>
     <span class='ocr_line' id='line_1_13' title="bbox 171 2201 1460 2317; baseline 0 -24"><span class='ocrx_word' id='word_1_86' title='bbox 171 2210 278 2294; x_wconf 86' lang='lat' dir='ltr'>dem</span> <span class='ocrx_word' id='word_1_87' title='bbox 312 2202 566 2293; x_wconf 77' lang='lat' dir='ltr'>institutione</span> <span class='ocrx_word' id='word_1_88' title='bbox 598 2206 881 2317; x_wconf 84' lang='lat' dir='ltr'>problemamtn</span> <span class='ocrx_word' id='word_1_89' title='bbox 913 2201 1301 2316; x_wconf 83' lang='lat' dir='ltr'>isoprrimetricorum</span> <span class='ocrx_word' id='word_1_90' title='bbox 1350 2207 1460 2293; x_wconf 79' lang='lat' dir='ltr'>adlui-</span> 
     </span>
     <span class='ocr_line' id='line_1_14' title="bbox 173 2331 1459 2444; baseline -0.002 -22"><span class='ocrx_word' id='word_1_91' title='bbox 173 2337 264 2422; x_wconf 85' lang='lat' dir='ltr'>beri</span> <span class='ocrx_word' id='word_1_92' title='bbox 297 2334 400 2428; x_wconf 84' lang='lat' dir='ltr'>solita</span> <span class='ocrx_word' id='word_1_93' title='bbox 432 2333 512 2418; x_wconf 83' lang='lat' dir='ltr'>iam</span> <span class='ocrx_word' id='word_1_94' title='bbox 546 2335 693 2418; x_wconf 84' lang='lat' dir='ltr'>eximia</span> <span class='ocrx_word' id='word_1_95' title='bbox 723 2334 833 2420; x_wconf 88' lang='lat' dir='ltr'>huius</span> <span class='ocrx_word' id='word_1_96' title='bbox 861 2334 993 2418; x_wconf 87' lang='lat' dir='ltr'>calculi</span> <span class='ocrx_word' id='word_1_97' title='bbox 1023 2331 1231 2444; x_wconf 76' lang='lat' dir='ltr'>specimina</span> <span class='ocrx_word' id='word_1_98' title='bbox 1264 2335 1459 2443; x_wconf 82' lang='lat' dir='ltr'>suggerit,</span> 
     </span>
     <span class='ocr_line' id='line_1_15' title="bbox 168 2449 1461 2574; baseline -0.001 -26"><span class='ocrx_word' id='word_1_99' title='bbox 168 2479 279 2574; x_wconf 83' lang='lat' dir='ltr'>qu&#39;ae</span> <span class='ocrx_word' id='word_1_100' title='bbox 310 2483 440 2546; x_wconf 83' lang='lat' dir='ltr'>nutem</span> <span class='ocrx_word' id='word_1_101' title='bbox 470 2487 561 2548; x_wconf 92' lang='lat' dir='ltr'>cum</span> <span class='ocrx_word' id='word_1_102' title='bbox 594 2457 664 2550; x_wconf 78' lang='lat' dir='ltr'>fior·</span> <span class='ocrx_word' id='word_1_103' title='bbox 692 2473 744 2547; x_wconf 73' lang='lat' dir='ltr'>eru</span> <span class='ocrx_word' id='word_1_104' title='bbox 777 2454 904 2547; x_wconf 85' lang='lat' dir='ltr'>alieno</span> <span class='ocrx_word' id='word_1_105' title='bbox 934 2462 1035 2573; x_wconf 84' lang='lat' dir='ltr'>quafi</span> <span class='ocrx_word' id='word_1_106' title='bbox 1063 2457 1201 2564; x_wconf 86' lang='lat' dir='ltr'>sonte,</span> <span class='ocrx_word' id='word_1_107' title='bbox 1232 2449 1461 2548; x_wconf 79' lang='lat' dir='ltr'>Geometria</span> 
     </span>
     <span class='ocr_line' id='line_1_16' title="bbox 166 2577 1459 2702; baseline 0.002 -26"><span class='ocrx_word' id='word_1_108' title='bbox 166 2583 365 2702; x_wconf 45' lang='lat' dir='ltr'>siliceis</span> <span class='ocrx_word' id='word_1_109' title='bbox 394 2577 560 2693; x_wconf 79' lang='lat' dir='ltr'>hunsla,</span> <span class='ocrx_word' id='word_1_110' title='bbox 619 2609 700 2672; x_wconf 91' lang='lat' dir='ltr'>uon</span> <span class='ocrx_word' id='word_1_111' title='bbox 748 2591 795 2675; x_wconf 81' lang='lat' dir='ltr'>ad</span> <span class='ocrx_word' id='word_1_112' title='bbox 844 2577 1153 2676; x_wconf 84' lang='lat' dir='ltr'>constitutionem</span> <span class='ocrx_word' id='word_1_113' title='bbox 1185 2586 1459 2698; x_wconf 78' lang='lat' dir='ltr'>principiorum</span> 
     </span>
     <span class='ocr_line' id='line_1_17' title="bbox 163 2703 1461 2824; baseline -0.002 -20"><span class='ocrx_word' id='word_1_114' title='bbox 163 2715 291 2804; x_wconf 86' lang='lat' dir='ltr'>istius</span> <span class='ocrx_word' id='word_1_115' title='bbox 323 2713 455 2800; x_wconf 80' lang='lat' dir='ltr'>cuiculi</span> <span class='ocrx_word' id='word_1_116' title='bbox 485 2709 681 2801; x_wconf 79' lang='lat' dir='ltr'>desiderati</span> <span class='ocrx_word' id='word_1_117' title='bbox 720 2716 847 2800; x_wconf 70' lang='lat' dir='ltr'>relicti</span> <span class='ocrx_word' id='word_1_118' title='bbox 898 2713 1066 2824; x_wconf 80' lang='lat' dir='ltr'>possunt.</span> <span class='ocrx_word' id='word_1_119' title='bbox 1161 2703 1314 2796; x_wconf 90' lang='lat' dir='ltr'>Deinde</span> <span class='ocrx_word' id='word_1_120' title='bbox 1363 2711 1461 2802; x_wconf 77' lang='lat' dir='ltr'>uero</span> 
     </span>
     <span class='ocr_line' id='line_1_18' title="bbox 162 2832 1460 2951; baseline -0.002 -21"><span class='ocrx_word' id='word_1_121' title='bbox 162 2850 306 2930; x_wconf 83' lang='lat' dir='ltr'>etiam</span> <span class='ocrx_word' id='word_1_122' title='bbox 337 2843 435 2925; x_wconf 84' lang='lat' dir='ltr'>haec</span> <span class='ocrx_word' id='word_1_123' title='bbox 475 2832 679 2948; x_wconf 81' lang='lat' dir='ltr'>specimina</span> <span class='ocrx_word' id='word_1_124' title='bbox 725 2844 781 2926; x_wconf 84' lang='lat' dir='ltr'>ad.</span> <span class='ocrx_word' id='word_1_125' title='bbox 822 2832 983 2951; x_wconf 82' lang='lat' dir='ltr'>scopum</span> <span class='ocrx_word' id='word_1_126' title='bbox 1030 2838 1146 2924; x_wconf 85' lang='lat' dir='ltr'>nimis</span> <span class='ocrx_word' id='word_1_127' title='bbox 1194 2841 1460 2948; x_wconf 78' lang='lat' dir='ltr'>particularem</span> 
     </span>
     <span class='ocr_line' id='line_1_19' title="bbox 161 2966 1463 3079; baseline -0.002 -21"><span class='ocrx_word' id='word_1_128' title='bbox 161 2974 262 3058; x_wconf 79' lang='lat' dir='ltr'>fiunt</span> <span class='ocrx_word' id='word_1_129' title='bbox 314 2967 522 3073; x_wconf 69' lang='lat' dir='ltr'>adstricta,</span> <span class='ocrx_word' id='word_1_130' title='bbox 573 2985 690 3079; x_wconf 75' lang='lat' dir='ltr'>quam</span> <span class='ocrx_word' id='word_1_131' title='bbox 744 2987 790 3053; x_wconf 77' lang='lat' dir='ltr'>ut</span> <span class='ocrx_word' id='word_1_132' title='bbox 839 2969 1134 3079; x_wconf 80' lang='lat' dir='ltr'>amplitudinem</span> <span class='ocrx_word' id='word_1_133' title='bbox 1183 2966 1300 3051; x_wconf 83' lang='lat' dir='ltr'>nostri</span> <span class='ocrx_word' id='word_1_134' title='bbox 1331 2968 1463 3056; x_wconf 86' lang='lat' dir='ltr'>calculi</span> 
     </span>
     <span class='ocr_line' id='line_1_20' title="bbox 161 3079 1465 3212; baseline 0.001 -33"><span class='ocrx_word' id='word_1_135' title='bbox 161 3095 398 3208; x_wconf 64' lang='lat' dir='ltr'>complesti</span> <span class='ocrx_word' id='word_1_136' title='bbox 435 3093 592 3206; x_wconf 79' lang='lat' dir='ltr'>polline.</span> <span class='ocrx_word' id='word_1_137' title='bbox 688 3095 820 3212; x_wconf 76' lang='lat' dir='ltr'>Quam</span> <span class='ocrx_word' id='word_1_138' title='bbox 853 3096 1024 3190; x_wconf 82' lang='lat' dir='ltr'>obrem</span> <span class='ocrx_word' id='word_1_139' title='bbox 1057 3079 1235 3184; x_wconf 84' lang='lat' dir='ltr'>coullitui</span> <span class='ocrx_word' id='word_1_140' title='bbox 1265 3095 1345 3182; x_wconf 84' lang='lat' dir='ltr'>eiu</span> <span class='ocrx_word' id='word_1_141' title='bbox 1377 3097 1465 3180; x_wconf 86' lang='lat' dir='ltr'>ele·</span> 
     </span>
     <span class='ocr_line' id='line_1_21' title="bbox 162 3215 1464 3335; baseline 0 -27"><span class='ocrx_word' id='word_1_142' title='bbox 162 3233 316 3316; x_wconf 79' lang='lat' dir='ltr'>menta</span> <span class='ocrx_word' id='word_1_143' title='bbox 348 3246 401 3307; x_wconf 87' lang='lat' dir='ltr'>ex</span> <span class='ocrx_word' id='word_1_144' title='bbox 437 3215 569 3334; x_wconf 83' lang='lat' dir='ltr'>primis</span> <span class='ocrx_word' id='word_1_145' title='bbox 598 3223 812 3330; x_wconf 78' lang='lat' dir='ltr'>Aualyseos</span> <span class='ocrx_word' id='word_1_146' title='bbox 844 3221 1042 3334; x_wconf 85' lang='lat' dir='ltr'>principiis</span> <span class='ocrx_word' id='word_1_147' title='bbox 1089 3236 1296 3329; x_wconf 86' lang='lat' dir='ltr'>repetere,</span> <span class='ocrx_word' id='word_1_148' title='bbox 1342 3247 1464 3335; x_wconf 82' lang='lat' dir='ltr'>eaque</span> 
     </span>
     <span class='ocr_line' id='line_1_22' title="bbox 160 3336 1466 3460; baseline -0.004 -18"><span class='ocrx_word' id='word_1_149' title='bbox 160 3354 223 3444; x_wconf 85' lang='lat' dir='ltr'>ita</span> <span class='ocrx_word' id='word_1_150' title='bbox 258 3348 487 3457; x_wconf 82' lang='lat' dir='ltr'>euoluere,</span> <span class='ocrx_word' id='word_1_151' title='bbox 510 3384 513 3389; x_wconf 90' lang='lat'><em>·</em></span> <span class='ocrx_word' id='word_1_152' title='bbox 536 3370 583 3435; x_wconf 82' lang='lat' dir='ltr'>vt</span> <span class='ocrx_word' id='word_1_153' title='bbox 615 3373 698 3441; x_wconf 86' lang='lat' dir='ltr'>noo</span> <span class='ocrx_word' id='word_1_154' title='bbox 727 3336 850 3434; x_wconf 90' lang='lat' dir='ltr'>solum</span> <span class='ocrx_word' id='word_1_155' title='bbox 881 3343 1171 3460; x_wconf 82' lang='lat' dir='ltr'>problematibus</span> <span class='ocrx_word' id='word_1_156' title='bbox 1202 3343 1309 3456; x_wconf 91' lang='lat' dir='ltr'>supra</span> <span class='ocrx_word' id='word_1_157' title='bbox 1348 3359 1466 3437; x_wconf 79' lang='lat' dir='ltr'>com·</span> 
     </span>
     <span class='ocr_line' id='line_1_23' title="bbox 162 3468 1463 3586; baseline -0.005 -16"><span class='ocrx_word' id='word_1_158' title='bbox 162 3475 416 3570; x_wconf 82' lang='lat' dir='ltr'>memoratis</span> <span class='ocrx_word' id='word_1_159' title='bbox 443 3469 553 3564; x_wconf 70' lang='lat' dir='ltr'>sicile</span> <span class='ocrx_word' id='word_1_160' title='bbox 582 3499 621 3564; x_wconf 86' lang='lat' dir='ltr'>et</span> <span class='ocrx_word' id='word_1_161' title='bbox 651 3480 838 3566; x_wconf 89' lang='lat' dir='ltr'>concinne</span> <span class='ocrx_word' id='word_1_162' title='bbox 867 3474 1051 3561; x_wconf 78' lang='lat' dir='ltr'>soluendis</span> <span class='ocrx_word' id='word_1_163' title='bbox 1076 3468 1252 3560; x_wconf 87' lang='lat' dir='ltr'>inseruire</span> <span class='ocrx_word' id='word_1_164' title='bbox 1285 3474 1463 3586; x_wconf 77' lang='lat' dir='ltr'>posunt,</span> 
     </span>
     <span class='ocr_line' id='line_1_24' title="bbox 160 3595 1463 3722; baseline -0.005 -25"><span class='ocrx_word' id='word_1_165' title='bbox 160 3604 237 3697; x_wconf 71' lang='lat' dir='ltr'>ssd</span> <span class='ocrx_word' id='word_1_166' title='bbox 271 3606 404 3695; x_wconf 84' lang='lat' dir='ltr'>etiam</span> <span class='ocrx_word' id='word_1_167' title='bbox 431 3626 576 3693; x_wconf 89' lang='lat' dir='ltr'>nouum</span> <span class='ocrx_word' id='word_1_168' title='bbox 605 3595 708 3722; x_wconf 77' lang='lat' dir='ltr'>quasi</span> <span class='ocrx_word' id='word_1_169' title='bbox 738 3622 927 3719; x_wconf 82' lang='lat' dir='ltr'>campum</span> <span class='ocrx_word' id='word_1_170' title='bbox 959 3603 1166 3716; x_wconf 80' lang='lat' dir='ltr'>aperiant,</span> <span class='ocrx_word' id='word_1_171' title='bbox 1197 3602 1269 3686; x_wconf 88' lang='lat' dir='ltr'>sese</span> <span class='ocrx_word' id='word_1_172' title='bbox 1300 3604 1347 3688; x_wconf 89' lang='lat' dir='ltr'>ad</span> <span class='ocrx_word' id='word_1_173' title='bbox 1378 3607 1463 3718; x_wconf 91' lang='lat' dir='ltr'>plu</span> 
     </span>
     <span class='ocr_line' id='line_1_25' title="bbox 155 3723 1463 3847; baseline -0.005 -23"><span class='ocrx_word' id='word_1_174' title='bbox 155 3739 283 3824; x_wconf 83' lang='lat' dir='ltr'>&#39;rima</span> <span class='ocrx_word' id='word_1_175' title='bbox 318 3732 395 3823; x_wconf 87' lang='lat' dir='ltr'>alia</span> <span class='ocrx_word' id='word_1_176' title='bbox 427 3736 559 3822; x_wconf 87' lang='lat' dir='ltr'>talium</span> <span class='ocrx_word' id='word_1_177' title='bbox 590 3734 850 3847; x_wconf 82' lang='lat' dir='ltr'>quaestionum</span> <span class='ocrx_word' id='word_1_178' title='bbox 879 3757 1018 3845; x_wconf 85' lang='lat' dir='ltr'>genera</span> <span class='ocrx_word' id='word_1_179' title='bbox 1055 3723 1367 3843; x_wconf 79' lang='lat' dir='ltr'>extendentem,</span> <span class='ocrx_word' id='word_1_180' title='bbox 1421 3731 1463 3820; x_wconf 88' lang='lat' dir='ltr'>iu</span> 
     </span>
     <span class='ocr_line' id='line_1_26' title="bbox 152 3857 1464 3978; baseline -0.003 -29"><span class='ocrx_word' id='word_1_181' title='bbox 152 3891 256 3978; x_wconf 88' lang='lat' dir='ltr'>quo</span> <span class='ocrx_word' id='word_1_182' title='bbox 296 3858 538 3949; x_wconf 82' lang='lat' dir='ltr'>Geometrae</span> <span class='ocrx_word' id='word_1_183' title='bbox 570 3889 649 3948; x_wconf 90' lang='lat' dir='ltr'>noo</span> <span class='ocrx_word' id='word_1_184' title='bbox 679 3865 758 3950; x_wconf 85' lang='lat' dir='ltr'>fine</span> <span class='ocrx_word' id='word_1_185' title='bbox 790 3860 927 3972; x_wconf 81' lang='lat' dir='ltr'>inngni</span> <span class='ocrx_word' id='word_1_186' title='bbox 958 3859 1097 3948; x_wconf 84' lang='lat' dir='ltr'>finium</span> <span class='ocrx_word' id='word_1_187' title='bbox 1134 3857 1337 3966; x_wconf 67' lang='lat' dir='ltr'>Amyron</span> <span class='ocrx_word' id='word_1_188' title='bbox 1365 3883 1464 3974; x_wconf 87' lang='lat' dir='ltr'>pru·</span> 
     </span>
    </p>
   </div>
   <div class='ocr_carea' id='block_1_3' title="bbox 151 3985 1001 4108">
    <p class='ocr_par' dir='ltr' id='par_1_3' title="bbox 151 3985 1001 4108">
     <span class='ocr_line' id='line_1_27' title="bbox 151 3985 1001 4108; baseline -0.006 -25"><span class='ocrx_word' id='word_1_189' title='bbox 151 3993 369 4082; x_wconf 83' lang='lat' dir='ltr'>motione</span> <span class='ocrx_word' id='word_1_190' title='bbox 397 3992 500 4082; x_wconf 78' lang='lat' dir='ltr'>riter</span> <span class='ocrx_word' id='word_1_191' title='bbox 527 3985 606 4081; x_wconf 75' lang='lat' dir='ltr'>suas</span> <span class='ocrx_word' id='word_1_192' title='bbox 635 4015 814 4108; x_wconf 85' lang='lat' dir='ltr'>exercere</span> <span class='ocrx_word' id='word_1_193' title='bbox 844 4005 1001 4104; x_wconf 85' lang='lat' dir='ltr'>queant.</span> 
     </span>
    </p>
   </div>
   <div class='ocr_carea' id='block_1_4' title="bbox 0 0 2250 5809">
    <p class='ocr_par' dir='ltr' id='par_1_4' title="bbox 0 0 2250 5809">
     <span class='ocr_line' id='line_1_28' title="bbox 0 0 2250 5809; baseline 0 0"><span class='ocrx_word' id='word_1_194' title='bbox 0 0 2250 5809; x_wconf 95' lang='lat' dir='ltr'> </span> 
     </span>
    </p>
   </div>
  </div>
 </body>
</html>
