4492 5809
562 507 722 717 “diii
755 618 786 687 0
817 593 987 715 iiiia·
1336 608 1432 711 tta

582 821 983 923 tarsu-ortua

388 1050 393 1055 ,
456 1062 461 1073 ,
749 980 834 1097 nu

392 1190 396 1197 -
445 1128 740 1225 EXAMEN
774 1114 1147 1219 CHYMiCVM

289 1292 665 1429 LAPIDIS
740 1295 801 1419 N
816 1292 1311 1431 EPHRITICI.

510 1658 512 1663 .
693 1561 908 1663 Audiore

350 1780 1246 1880 D‚1.G.LEHMANNO.

732 2020 776 2123 §-
827 2038 869 2102 1·
978 2104 980 2117 .

159 2144 478 2433 Historiam
522 2222 732 2311 naturalem
781 2240 825 2308 et
871 2222 1048 2340 inprimis
1073 2227 1183 2340 regni
1207 2223 1447 2341 ·mtnentn;
1478 2249 1480 2255 ’

247 2400 250 2407 -
340 2357 551 2443 innumeris
569 2350 706 2438 adhuc
738 2351 878 2441 scatere
907 2356 1111 2460 tenebris,
1159 2356 1444 2469 amphiboliie‘,

155 2485 403 2597 praeiudiciis
430 2498 471 2563 ct
504 2478 758 2583 iustioribus,
793 2504 916 2564 nemo
943 2484 1001 2567 est
1030 2506 1148 2591 quem
1185 2485 1338 2595 fngiat,
1377 2484 1443 2593 qut

158 2612 227 2697 uei
261 2608 485 2713 extremis,
518 2603 621 2717 quod
653 2606 761 2690 aiunt
788 2604 927 2712 labiis,
976 2606 1056 2695 hoc
1086 2606 1194 2695 studii
1221 2633 1344 2720 genua
1371 2609 1446 2695 de·

153 2740 336 2851 gustauit.
418 2734 729 2821 Fundamentum
766 2736 946 2821 omnium
976 2735 1121 2822 horum
1154 2760 1330 2825 errorum
1381 2736 1460 2827 di·.

150 2864 276 2951 vedis
306 2863 509 2949 rationibus
539 2862 746 2966 innititur,
797 2888 959 2973 quarum
1001 2863 1204 2950 nonnullae
1237 2866 1303 2952 hic
1351 2888 1444 2957 end·
1495 2872 1502 2885 ‘

151 3018 353 3105 merare,
384 3016 464 3077 non
494 2990 561 3075 aba
592 2990 637 3071 re'
662 2989 776 3100 fore,
810 2991 912 3077 milri
942 2992 1120 3104 equidem
1151 2993 1315 3080 ridetur.

318 3178 486 3273 Primam
517 3182 733 3295 suppeditat
764 3182 1035 3293 praeiudicium
1078 3182 1348 3299 conutitutis,
1380 3179 1445 3275 cui
1543 3283 1546 3287 ,

147 3312 393 3427 complures
421 3314 475 3397 ita
508 3310 591 3395 suut
623 3314 795 3421 addidii,
828 3333 871 3396 vt
902 3340 982 3397 non
1016 3340 1090 3424 pro
1123 3316 1225 3399 ritio
1273 3331 1442 3421 rantum,

144 3468 303 3528 verum
322 3466 394 3553 pro
413 3458 572 3551 peccato
589 3438 775 3546 habeant,
810 3441 857 3524 de
887 3442 1008 3525 effatis
1040 3462 1220 3528 veterum
1254 3440 1448 3552 dubitare,

141 3572 316 3656 nedum
338 3572 404 3652 eis
435 3569 710 3653 contradicere.
780 3568 956 3657 Rationis
984 3569 1199 3655 sufficientis
1231 3559 1343 3655 omni
1374 3594 1447 3657 ex·
1612 3564 1617 3571 ’

140 3699 352 3810 ceptione
386 3697 543 3779 maioris
572 3698 702 3781 iocum
733 3715 866 3781 tenet:
907 3696 1017 3803 „Sic
1045 3698 1143 3783 iubet
1174 3699 1318 3785 diuinus
1355 3696 1409 3783 Pl
1431 3739 1450 3765 ·
1500 3746 1506 3755 ·

139 3842 251 3937 ‚,tu,
272 3827 343 3935 ste
372 3820 611 3939 Arrianus,
647 3824 812 3928 Plinius,
848 3822 1016 3934 Cordus,
1048 3822 1318 3912 Aldrouandus
1335 3838 1448 3932 eto„
1527 3871 1532 3877 ·

134 3976 187 4041 et
226 3952 358 4063 quia,
394 3949 599 4038 secundum
631 3978 768 4038 eorum
803 3952 1061 4057 sententiam,
1106 3952 1253 4039 audeat
1287 3954 1336 4037 dc
1362 3964 1453 4035 tau·

134 4104 305 4168 torum
342 4082 514 4167 uirorum
546 4078 625 4165 fide
658 4079 847 4188 dubitare,
879 4096 945 4163 aut
977 4102 1117 4163 eorum
1143 4076 1259 4167 effata
1291 4078 1332 4163 in
1364 4079 1464 4163 am·'

136 4212 338 4321 biguum
371 4232 525 4294 uocare.
574 4202 893 4293 ‘Conseuricnter
941 4228 1195 4318 veterumque
1248 4205 1452 4323 opiniones

133 4336 469 4451 approbantes,
499 4336 525 4423 sr
556 4358 706 4449 quoque
739 4336 972 4423 recentiores
1022 4336 1227 4447 magnique
1283 4336 1456 4421 nominis

135 4470 277 4557 viros
316 4466 540 4583 reperiant,
571 4460 664 4581 qnae
692 4463 767 4553 illis
792 4462 935 4553 'fiducia
972 4448 1132 4555 caude?
1164 4466 1227 4557 cni
1265 4463 1452 4554 initiunt.

751 4650 933 4793 uana
1335 4646 1480 4743 aa·
1787 4638 1790 4648 ’
