4492 5809
597 499 1056 629 OBYICAE
1225 566 1228 577 ,
1333 538 1453 629 a„

153 782 158 794 ·
182 739 389 827 obseruatis
417 737 647 858 Baffonianis
676 741 883 831 limilltudo
907 799 919 835 ‚
945 740 1129 826 excitauit
1160 764 1225 825 me
1246 790 1265 845 ,κ
1303 741 1351 827 ad
1383 768 1458 826 ex·

183 879 442 981 perimentum
474 876 626 983 saepius,
644 896 690 955 ac
721 869 870 956 diuersis
900 868 965 978 sub
995 869 1280 953 circumstantiis
1297 932 1316 985 ,ι
1341 872 1457 957 coelo

185 1022 329 1107 nempe
362 1021 465 1081 mox
497 987 628 1085 feceno
638 1054 651 1104 ,
685 1022 785 1085 mox
815 996 975 1090 nubilo,
1007 999 1289 1108 repetendum,
1321 1022 1365 1079 ac
1397 998 1458 1082 in·

183 1129 303 1232 veni,
336 1126 533 1235 nunquam
566 1153 647 1211 non
681 1128 858 1211 umbram
892 1149 970 1235 ope
998 1126 1179 1210 candelae
1210 1124 1381 1209 accensae
1417 1131 1477 1210 ln·

182 1253 353 1338 chartam
393 1256 634 1366 proiellum,
661 1252 1057 1365 temporediluculi,
1086 1272 1150 1338 aut
1183 1254 1363 1341 matutini
1394 1272 1459 1339 aut

173 1380 420 1491 :uespertini‚
456 1381 722 1494 elegantiffime
752 1379 1007 1496 coeruleum,
1038 1383 1173 1493 prouti
1200 1382 1313 1490 dixi,
1345 1380 1459 1471 exhi·

181 1509 279 1595 bene
307 1511 498 1595 colorem.

334 1651 435 1741 Cum
471 1658 580 1742 color
612 1656 808 1743 coeruleus
840 1642 943 1742 flauo
975 1653 1126 1739 mixtus
1157 1652 1365 1766 producere
1402 1658 1459 1739 lo·

180 1782 265 1871 leat
296 1784 496 1896 viridem,
529 1788 697 1894 experiri
733 1788 855 1888 volui,
884 1811 933 1869 an
963 1783 1071 1867 idem
1112 1785 1190 1873 hoe
1228 1785 1373 1869 accidat
1422 1783 1464 1869 in

183 1912 322 2001 colore
354 1911 463 2014 hue,
511 1939 590 2025 quo
623 1916 782 1999 umbrae
821 1910 964 1997 tindae
1014 1911 1206 1994 uidentur.
1307 1910 1463 2021 Excepi

182 2038 311 2149 itaque
344 2041 525 2125 vmbram
558 2043 598 2123 in
630 2041 753 2127 tabula
785 2065 838 2125 ex
876 2038 1053 2148 sulphure
1101 2038 1306 2125 communi
1356 2037 1463 2145 salla,

183 2194 303 2277 quam
336 2168 384 2252 ad
416 2171 685 2278 experimenta
717 2154 890 2253 eledlrica
920 2166 1182 2267 adhibebam‚
1232 2192 1279 2249 ac
1324 2166 1461 2267 omni·
1534 2159 1538 2169 '
1606 2276 1611 2283 A

182 2320 277 2397 no,
316 2295 373 2378 uti
389 2296 746 2403 exspectaueram,
778 2296 956 2380 umbram
989 2293 1153 2377 uiridem
1185 2292 1362 2377 colonam
1394 2290 1463 2378 ad·
1599 2285 1604 2295 ’

179 2424 353 2507 modum
383 2419 524 2508 laetum
556 2425 743 2509 exhibere
780 2422 989 2505 obsemaui.

328 2564 539 2677 Nunquam
573 2588 732 2657 autem.
765 2568 864 2649 inter
894 2560 1016 2675 plures
1041 2587 1157 2675 quam
1191 2561 1345 2673 triginta
1388 2564 1462 2647 ob·
1562 2542 1566 2547 ⁵
1715 2646 1718 2653 .

175 2692 432 2796 sometimes,
469 2697 614 2801 inueni,
644 2696 826 2779 umbram
857 2690 1053 2777 acandela
1071 2692 1226 2778 ardente
1244 2690 1461 2804 proiedlam

175 2822 355 2905 viridem
404 2823 514 2931 else,
561 2823 623 2908 sed
672 2828 793 2933 ipsam
824 2810 1069 2927 conllant'er,
1116 2825 1177 2905 uti
1205 2821 1279 2905 elle
1308 2844 1461 2933 quoque

174 2948 312 3035 lolent
341 2973 364 3031 a
394 2942 486 3031 Sole
518 2954 669 3034 oriente
700 2950 766 3034 vel
812 2947 1011 3033 occidente
1046 2948 1275 3058 molestae,
1322 2972 1462 3034 coeru-
1549 2960 1551 2965 ’

171 3079 290 3162 leam
323 3076 590 3190 deprehendi,
635 3078 701 3162 nisa
734 3094 898 3186 excepta
933 3077 1046 3159 feeerit
1076 3098 1099 3158 a
1132 3076 1248 3185 plano
1279 3075 1464 3161 flauediue
1499 3091 1501 3099 '

161 3204 329 3289 aindlo.
391 3201 569 3317 Suspicio
598 3204 688 3290 hinc
720 3204 821 3290 mihi
850 3204 1105 3312 subnascitur,
1138 3208 1177 3287 in
1210 3200 1463 3289 Celeberrimi

167 3334 338 3449 Buffom⁰
387 3334 585 3419 obseruatis
634 3334 765 3419 leuem
815 3334 1003 3443 quandam
1047 3330 1188 3414 subelse
1220 3330 1462 3415 inaduerten·

167 3466 323 3568 tiam,
377 3456 586 3573 Solemque
617 3464 737 3547 etiam
790 3484 981 3571 nunquam
1015 3458 1085 3545 nili
1115 3458 1337 3563 coeruleum
1372 3480 1465 3545 um-

163 3593 266 3678 bris
301 3590 500 3677 conciliare
531 3593 737 3697 colorem,
770 3613 812 3673 ac
844 3587 947 3698 quud
978 3586 1053 3671 Vir
1083 3580 1364 3671 Celeberrimus
1395 3586 1464 3671 ali·

163 3720 342 3830 quoties
373 3718 469 3829 ipsas
499 3720 638 3805 viderit
664 3719 821 3821 uirides,
852 3716 1002 3801 aliunde
1031 3733 1162 3799 ortum
1196 3736 1274 3797 non
1295 3710 1465 3829 uexillo,

160 3844 257 3933 nifi
295 3848 395 3958 quod
424 3846 633 3957 superficies
659 3908 671 3951 ‚
696 3872 790 3959 quae
819 3844 978 3959 umbras
1022 3860 1293 3967 exceperunt,
1326 3840 1465 3929 fuerint

157 4001 265 4065 non
307 3974 470 4060 omniuo
498 3976 627 4087 albae,
665 3974 730 4061 sed
759 3970 1012 4058 flauescentes.
1046 3958 1124 4079 l')

797 4100 884 4186 00
918 4121 942 4198 3
1334 4100 1470 4221 Quan-

161 4302 580 4321 m—

214 4401 310 4502 (‘)
333 4406 441 4477 Aliter
462 4406 529 4475 inm
551 4404 593 4476 de
617 4406 741 4480 haere
763 4405 895 4487 iudico,
929 4430 969 4475 ex
992 4436 1060 4508 quo
1083 4407 1152 4507 ipse
1176 4404 1348 4583 Ἣῑιοϊίεε
1377 4404 1466 4485 vidi,

294 4505 436 4583 umbras
461 4531 480 4578 a
502 4506 581 4585 Sole
605 4506 780 4583 occidente
801 4502 988 4609 proielias,
1011 4526 1046 4586 et
1066 4510 1169 4612 planu
1247 4532 1268 4582 u
1293 4522 1464 4602 exceptas.

1279 4602 1555 4697 'nale'
