4492 5809
828 607 914 670 roo
1144 579 1243 668 DE
1306 567 1719 668 METHODO

820 809 1024 896 accuratius
1056 812 1359 919 perpendamus,
1391 805 1698 917 quandoquidem
1731 801 1808 886 hoc
1837 805 1944 890 idem
1974 835 2080 922 nego·

765 993 769 1000 -
820 941 918 1022 tium
970 939 1165 1048 principiis
1214 937 1456 1046 geometricis
1499 935 1653 1020 innuas
1684 931 1763 1015 iam
1793 933 1879 1018 satis
1908 939 2084 1054 prospero

820 1066 981 1154 sutceffu
996 1065 1095 1151 ·sum
1128 1083 1324 1146 executus.

1428 1233 1489 1323 X.

972 1381 1077 1471 Cum
1108 1379 1221 1496 igitur
1252 1377 1482 1467 variationes
1501 1380 1663 1466 infinite
1695 1403 1833 1491 panna
1862 1381 2083 1492 finguiisva·

821 1517 961 1604 loribus
993 1513 1104 1625 ipsius
1120 1542 1156 1622 y
1189 1513 1364 1600 indodtae
1396 1512 1539 1596 nuliam
1576 1513 1832 1594 mutationem
1871 1517 1910 1593 in
1963 1509 2085 1593 valore

820 1643 1035 1758 qrrantitatis
1063 1645 1104 1727 A
1138 1645 1345 1754 producere
1377 1643 1559 1742 debeant,
1592 1637 1742 1752 hocque
1774 1638 1859 1720 fieri
1894 1655 2085 1748 oporteat,

821 1795 1017 1882 utcunque
1050 1771 1133 1854 iliae
1168 1773 1393 1854 variationes
1435 1767 1665 1886 accipiantur
1682 1830 1697 1873 ,
1744 1767 1964 1876 dummodo
2013 1763 2086 1848 fite·

819 1901 898 1986 tint
931 1897 1079 1982 infinite
1110 1922 1285 2009 parram,
1323 1893 1481 1982 sufficiet
1514 1897 1554 1977 in
1591 1899 1707 1979 vnico
1740 1915 1885 1978 tantum
1919 1895 2084 2005 quodam

819 2028 953 2110 valore
983 2023 1097 2134 ipfius
1110 2053 1145 2134 y
1188 2023 1407 2140 huiusmodi
1455 2024 1711 2108 variationem
1763 2025 2001 2134 concipere,
2050 2041 2086 2108 et

818 2154 1116 2262 mutationem,
1148 2176 1244 2264 quae
1276 2153 1365 2237 inde
1398 2154 1440 2236 in
1471 2152 1748 2264 quantitate'A
1797 2154 1951 2256 oritur,
2001 2175 2088 2235 cua·

732 2383 736 2390 ‚
818 2281 1037 2368 nescentem
1069 2282 1257 2388 reddere,
1305 2305 1355 2365 ex
1387 2304 1467 2391 quo
1494 2280 1601 2364 fonte
1632 2281 1745 2366 etiam
1786 2279 1954 2363 uniuersa
2002 2305 2086 2366 mea

817 2409 1025 2494 methodus
1057 2411 1324 2494 maximorum
1355 2429 1393 2493 et
1426 2412 1685 2495 minimorum
1715 2408 1772 2492 est
1802 2409 1934 2517 petita
2008 2408 2088 2492 Vn.

816 2561 906 2622 rum
939 2535 1086 2620 etiamfi
1115 2524 1281 2646 pluribus
1314 2537 1505 2621 valoribus
1533 2536 1643 2648 ipsrus
1670 2564 1709 2640 r,
1729 2537 1954 2648 quinetiam
1976 2535 2086 2647 plane

815 2665 1016 2767 omnibus,
1046 2663 1264 2749 huiusmodi
1298 2667 1526 2749 variationes
1555 2662 1706 2749 infinite
1737 2687 1874 2774 paruae
1905 2690 2086 2775 quaecun-

815 2819 891 2904 que
943 2791 1201 2900 inducantur,
1251 2793 1500 2877 nihilominus
1549 2811 1678 2876 natura
1729 2794 1998 2878 maximorum
2047 2809 2087 2881 et

736 2909 741 2920 ’
814 2922 1069 3006 minimorum
1086 2921 1240 3030 exigit,
1275 2941 1320 3003 vt
1353 2922 1533 3026 mutatio,
1565 2945 1678 3031 quam
1711 2923 1895 3029 quantitas
1926 2923 1965 3004 A
2000 2923 2085 3008 iude

816 3049 1062 3160 adipiscitur,
1114 3049 1163 3133 ad
1204 3047 1367 3134 nihilum
1403 3050 1611 3159 redigatur,
1668 3069 1779 3160 atque
1811 3049 1889 3131 hoc
1922 3049 1987 3133 usu
2017 3075 2086 3133 ve·

815 3176 898 3260 nire
938 3177 1083 3282 debet,
1130 3195 1323 3286 utcunque
1373 3175 1455 3260 iliae
1506 3175 1762 3276 variationes,
1789 3177 1935 3292 quippe
1988 3201 2086 3290 quae

816 3326 955 3388 ornnes
985 3323 1095 3388 mere
1127 3300 1208 3388 sunt
1238 3303 1482 3407 arbitrariae,
1512 3301 1749 3394 affumantur.

1401 3485 1481 3574 xi.

959 3623 1035 3714 Sed
1069 3631 1252 3744 quomam
1288 3631 1328 3716 in
1362 3659 1449 3718 mea
1482 3636 1733 3744 praecedente
1770 3637 1954 3724 solutione
1998 3639 2090 3724 vni·

685 3808 689 3816 ι
812 3777 903 3841 eum
956 3762 1147 3868 quendam
1198 3759 1373 3846 valorem
1421 3763 1534 3874 ipfius
1570 3789 1606 3870 y
1647 3769 1899 3852 variationem
1932 3769 2089 3852 infinite

810 3905 972 3996 paratam
1020 3889 1194 3998 accipere
1244 3891 1384 3997 posui,
1431 3891 1526 3974 dum
1557 3891 1688 4001 reliqui
1721 3916 1858 3978 omnes
1885 3897 2091 3980 immutati

775 4055 778 4065 ·
810 4031 1046 4124 manerent,
1077 4016 1116 4098 in
1148 4014 1224 4099 hoc
1256 4017 1489 4128 principium
1522 4019 1781 4104 continuitatis
1809 4025 1892 4107 vim
1911 4027 2091 4134 patieba

811 4157 874 4224 tur
893 4139 1112 4255 ,fiaecque
1144 4143 1347 4254 praecipua
1379 4165 1458 4228 erat
1486 4151 1623 4258 cauit,
1673 4152 1774 4258 quod
1799 4167 1891 4235 ¹tota
1925 4153 2094 4236 inuesti-

807 4270 918 4376 gatio
948 4291 1017 4374 per
1050 4271 1126 4354 sola
1159 4271 1370 4374 analyteos
1401 4293 1602 4383 praecepta
1634 4277 1807 4385 expediri
1841 4283 2089 4389 nequinont,

702 4469 706 4478 .
807 4393 870 4476 sed
900 4397 1183 4508 contenplatio
1214 4396 1355 4506 figurae
1388 4405 1678 4508 geometricae,
1726 4405 1764 4486 in
1804 4431 1877 4513 qua
1932 4409 2101 4492 valores

774 4517 920 4632 ‚ipim
950 4549 987 4630 y
1015 4551 1087 4640 pet
1113 4524 1321 4641 applicatas
1350 4527 1474 4616 lineae
1504 4551 1642 4616 cumae
1674 4533 2097 4646 repraesentarentur,

1000 4709 1005 4718 -
2046 4690 2108 4750 an
