<?xml version="1.0" encoding="UTF-8"?>
<!DOCTYPE html PUBLIC "-//W3C//DTD XHTML 1.0 Transitional//EN"
    "http://www.w3.org/TR/xhtml1/DTD/xhtml1-transitional.dtd">
<html xmlns="http://www.w3.org/1999/xhtml" xml:lang="en" lang="en">
 <head>
  <title>
</title>
<meta http-equiv="Content-Type" content="text/html;charset=utf-8" />
  <meta name='ocr-system' content='tesseract 3.04.00' />
  <meta name='ocr-capabilities' content='ocr_page ocr_carea ocr_par ocr_line ocrx_word'/>
</head>
<body>
  <div class='ocr_page' id='page_1' title='image "./novicommentarii09sssrgoog_0128.png"; bbox 0 0 4492 5809; ppageno 0'>
   <div class='ocr_carea' id='block_1_1' title="bbox 799 516 1704 678">
    <p class='ocr_par' dir='ltr' id='par_1_1' title="bbox 799 493 1734 678">
     <span class='ocr_line' id='line_1_1' title="bbox 799 516 1704 678; baseline -0.006 -25"><span class='ocrx_word' id='word_1_1' title='bbox 799 588 855 678; x_wconf 82' lang='lat'>52</span> <span class='ocrx_word' id='word_1_2' title='bbox 1164 516 1704 661; x_wconf 73' lang='lat' dir='ltr'>nnuuuuTA</span> 
     </span>
    </p>
   </div>
   <div class='ocr_carea' id='block_1_2' title="bbox 792 781 2074 3082">
    <p class='ocr_par' dir='ltr' id='par_1_2' title="bbox 792 781 2074 3082">
     <span class='ocr_line' id='line_1_2' title="bbox 794 781 2069 940; baseline -0.015 -50"><span class='ocrx_word' id='word_1_3' title='bbox 794 805 945 890; x_wconf 87' lang='lat' dir='ltr'>tionem</span> <span class='ocrx_word' id='word_1_4' title='bbox 980 809 1287 940; x_wconf 81' lang='lat' dir='ltr'>parametrorum</span> <span class='ocrx_word' id='word_1_5' title='bbox 1318 789 1459 876; x_wconf 83' lang='lat' dir='ltr'>resolui</span> <span class='ocrx_word' id='word_1_6' title='bbox 1503 787 1712 894; x_wconf 87' lang='lat' dir='ltr'>dicuutur,</span> <span class='ocrx_word' id='word_1_7' title='bbox 1757 781 2069 898; x_wconf 87' lang='lat' dir='ltr'>quandoquidem</span> 
     </span>
     <span class='ocr_line' id='line_1_3' title="bbox 793 913 2053 1040; baseline -0.013 -23"><span class='ocrx_word' id='word_1_8' title='bbox 793 931 1027 1017; x_wconf 70' lang='lat' dir='ltr'>variabilitas</span> <span class='ocrx_word' id='word_1_9' title='bbox 1058 922 1267 1040; x_wconf 88' lang='lat' dir='ltr'>paramctri</span> <span class='ocrx_word' id='word_1_10' title='bbox 1298 942 1442 1006; x_wconf 84' lang='lat' dir='ltr'>omncs</span> <span class='ocrx_word' id='word_1_11' title='bbox 1475 917 1557 1002; x_wconf 88' lang='lat' dir='ltr'>illas</span> <span class='ocrx_word' id='word_1_12' title='bbox 1603 913 1894 1000; x_wconf 77' lang='lat' dir='ltr'>innumerabiles</span> <span class='ocrx_word' id='word_1_13' title='bbox 1937 939 2053 1000; x_wconf 86' lang='lat' dir='ltr'>curua</span> 
     </span>
     <span class='ocr_line' id='line_1_4' title="bbox 792 1035 2074 1206; baseline -0.014 -62"><span class='ocrx_word' id='word_1_14' title='bbox 792 1059 1001 1206; x_wconf 79' lang='lat' dir='ltr'>propositas</span> <span class='ocrx_word' id='word_1_15' title='bbox 1030 1052 1318 1162; x_wconf 71' lang='lat' dir='ltr'>complectitur</span> <span class='ocrx_word' id='word_1_16' title='bbox 1376 1048 1471 1160; x_wconf 85' lang='lat' dir='ltr'>Quo</span> <span class='ocrx_word' id='word_1_17' title='bbox 1498 1061 1631 1129; x_wconf 85' lang='lat' dir='ltr'>autent</span> <span class='ocrx_word' id='word_1_18' title='bbox 1661 1043 1798 1128; x_wconf 82' lang='lat' dir='ltr'>clarius</span> <span class='ocrx_word' id='word_1_19' title='bbox 1827 1035 2074 1176; x_wconf 76' lang='lat' dir='ltr'>perspiciatur</span> 
     </span>
     <span class='ocr_line' id='line_1_5' title="bbox 794 1165 2068 1302; baseline -0.012 -32"><span class='ocrx_word' id='word_1_20' title='bbox 794 1191 1066 1302; x_wconf 86' lang='lat' dir='ltr'>principium,</span> <span class='ocrx_word' id='word_1_21' title='bbox 1092 1203 1146 1262; x_wconf 86' lang='lat' dir='ltr'>cx</span> <span class='ocrx_word' id='word_1_22' title='bbox 1174 1202 1257 1286; x_wconf 87' lang='lat' dir='ltr'>quo</span> <span class='ocrx_word' id='word_1_23' title='bbox 1285 1172 1505 1260; x_wconf 82' lang='lat' dir='ltr'>huiusmodi</span> <span class='ocrx_word' id='word_1_24' title='bbox 1535 1169 1818 1281; x_wconf 76' lang='lat' dir='ltr'>problematum</span> <span class='ocrx_word' id='word_1_25' title='bbox 1848 1171 1988 1257; x_wconf 90' lang='lat' dir='ltr'>solutio</span> <span class='ocrx_word' id='word_1_26' title='bbox 2012 1165 2068 1256; x_wconf 78' lang='lat' dir='ltr'>eli</span> 
     </span>
     <span class='ocr_line' id='line_1_6' title="bbox 795 1295 2072 1510; baseline -0.009 -114"><span class='ocrx_word' id='word_1_27' title='bbox 795 1318 997 1427; x_wconf 82' lang='lat' dir='ltr'>petenda,</span> <span class='ocrx_word' id='word_1_28' title='bbox 1048 1305 1243 1416; x_wconf 86' lang='lat' dir='ltr'>propolita</span> <span class='ocrx_word' id='word_1_29' title='bbox 1292 1301 1341 1388; x_wconf 86' lang='lat' dir='ltr'>fir</span> <span class='ocrx_word' id='word_1_30' title='bbox 1384 1299 1570 1412; x_wconf 89' lang='lat' dir='ltr'>aequatio</span> <span class='ocrx_word' id='word_1_31' title='bbox 1598 1323 1846 1510; x_wconf 88' lang='lat' dir='ltr'>quaecunque</span> <span class='ocrx_word' id='word_1_32' title='bbox 1870 1295 1973 1384; x_wconf 88' lang='lat' dir='ltr'>inter</span> <span class='ocrx_word' id='word_1_33' title='bbox 1998 1297 2072 1384; x_wconf 88' lang='lat' dir='ltr'>ab·-</span> 
     </span>
     <span class='ocr_line' id='line_1_7' title="bbox 793 1429 2067 1545; baseline -0.011 -19"><span class='ocrx_word' id='word_1_34' title='bbox 793 1443 936 1526; x_wconf 85' lang='lat' dir='ltr'>scilsam</span> <span class='ocrx_word' id='word_1_35' title='bbox 967 1460 999 1523; x_wconf 83' lang='lat' dir='ltr'>rt</span> <span class='ocrx_word' id='word_1_36' title='bbox 1029 1453 1071 1517; x_wconf 90' lang='lat' dir='ltr'>et</span> <span class='ocrx_word' id='word_1_37' title='bbox 1099 1433 1334 1545; x_wconf 82' lang='lat' dir='ltr'>applicatam</span> <span class='ocrx_word' id='word_1_38' title='bbox 1371 1455 1423 1538; x_wconf 81' lang='lat' dir='ltr'>y,</span> <span class='ocrx_word' id='word_1_39' title='bbox 1472 1451 1568 1540; x_wconf 87' lang='lat' dir='ltr'>quae</span> <span class='ocrx_word' id='word_1_40' title='bbox 1617 1429 1677 1511; x_wconf 86' lang='grc' dir='ltr'>ιιι</span> <span class='ocrx_word' id='word_1_41' title='bbox 1672 1451 1772 1540; x_wconf 88' lang='lat' dir='ltr'>uper</span> <span class='ocrx_word' id='word_1_42' title='bbox 1815 1431 2067 1539; x_wconf 79' lang='lat' dir='ltr'>quantitatem¹</span> 
     </span>
     <span class='ocr_line' id='line_1_8' title="bbox 794 1555 2070 1672; baseline -0.014 -16"><span class='ocrx_word' id='word_1_43' title='bbox 794 1569 1032 1656; x_wconf 84' lang='lat' dir='ltr'>constantem</span> <span class='ocrx_word' id='word_1_44' title='bbox 1063 1588 1094 1646; x_wconf 89' lang='lat' dir='ltr'>a</span> <span class='ocrx_word' id='word_1_45' title='bbox 1124 1576 1381 1672; x_wconf 84' lang='lat' dir='ltr'>patamctrum</span> <span class='ocrx_word' id='word_1_46' title='bbox 1429 1555 1646 1641; x_wconf 79' lang='lat' dir='ltr'>vocandam</span> <span class='ocrx_word' id='word_1_47' title='bbox 1692 1556 1922 1668; x_wconf 76' lang='grc' dir='ltr'>10111111111·,’Ι</span> <span class='ocrx_word' id='word_1_48' title='bbox 1968 1575 2070 1668; x_wconf 87' lang='lat' dir='ltr'>qnae</span> 
     </span>
     <span class='ocr_line' id='line_1_9' title="bbox 795 1681 2073 1829; baseline -0.009 -49"><span class='ocrx_word' id='word_1_49' title='bbox 795 1698 986 1829; x_wconf 71' lang='lat' dir='ltr'>quamdiu</span> <span class='ocrx_word' id='word_1_50' title='bbox 1010 1692 1179 1775; x_wconf 82' lang='lat' dir='ltr'>eundern</span> <span class='ocrx_word' id='word_1_51' title='bbox 1210 1688 1388 1773; x_wconf 83' lang='lat' dir='ltr'>valorem</span> <span class='ocrx_word' id='word_1_52' title='bbox 1427 1688 1600 1789; x_wconf 72' lang='lat' dir='ltr'>retinet,</span> <span class='ocrx_word' id='word_1_53' title='bbox 1647 1689 1826 1796; x_wconf 88' lang='lat' dir='ltr'>aequatio</span> <span class='ocrx_word' id='word_1_54' title='bbox 1868 1681 2073 1795; x_wconf 84' lang='lat' dir='ltr'>praebebit</span> 
     </span>
     <span class='ocr_line' id='line_1_10' title="bbox 795 1801 2069 1936; baseline -0.009 -28"><span class='ocrx_word' id='word_1_55' title='bbox 795 1847 916 1909; x_wconf 74' lang='lat' dir='ltr'>trram</span> <span class='ocrx_word' id='word_1_56' title='bbox 948 1801 1157 1931; x_wconf 89' lang='lat' dir='ltr'>quandam</span> <span class='ocrx_word' id='word_1_57' title='bbox 1189 1817 1554 1918; x_wconf 73' lang='lat' dir='ltr'>lineamentum,</span> <span class='ocrx_word' id='word_1_58' title='bbox 1602 1808 2069 1936; x_wconf 56' lang='lat' dir='ltr'>utrumliipfizasun</span> 
     </span>
     <span class='ocr_line' id='line_1_11' title="bbox 794 1916 2072 2055; baseline -0.007 -20"><span class='ocrx_word' id='word_1_59' title='bbox 794 1949 932 2036; x_wconf 86' lang='lat' dir='ltr'>cellrue</span> <span class='ocrx_word' id='word_1_60' title='bbox 961 1949 1023 2030; x_wconf 82' lang='lat' dir='ltr'>alti</span> <span class='ocrx_word' id='word_1_61' title='bbox 1053 1960 1166 2055; x_wconf 90' lang='lat' dir='ltr'>atque</span> <span class='ocrx_word' id='word_1_62' title='bbox 1197 1943 1260 2029; x_wconf 88' lang='lat' dir='ltr'>alii</span> <span class='ocrx_word' id='word_1_63' title='bbox 1294 1941 1438 2027; x_wconf 81' lang='lat' dir='ltr'>valores</span> <span class='ocrx_word' id='word_1_64' title='bbox 1468 1941 1708 2048; x_wconf 83' lang='lat' dir='ltr'>tribuantur,</span> <span class='ocrx_word' id='word_1_65' title='bbox 1719 1916 1846 2026; x_wconf 85' lang='lat' dir='ltr'>allae</span> <span class='ocrx_word' id='word_1_66' title='bbox 1875 1937 2072 2026; x_wconf 84' lang='lat' dir='ltr'>continuo</span> 
     </span>
     <span class='ocr_line' id='line_1_12' title="bbox 792 2069 2072 2182; baseline -0.005 -21"><span class='ocrx_word' id='word_1_67' title='bbox 792 2077 917 2162; x_wconf 88' lang='lat' dir='ltr'>lineae</span> <span class='ocrx_word' id='word_1_68' title='bbox 946 2097 1080 2159; x_wconf 91' lang='lat' dir='ltr'>curuae</span> <span class='ocrx_word' id='word_1_69' title='bbox 1111 2070 1296 2156; x_wconf 90' lang='lat' dir='ltr'>orientur.</span> <span class='ocrx_word' id='word_1_70' title='bbox 1359 2069 1549 2182; x_wconf 73' lang='lat' dir='ltr'>Quodsi</span> <span class='ocrx_word' id='word_1_71' title='bbox 1539 2095 1617 2153; x_wconf 88' lang='lat' dir='ltr'>tam</span> <span class='ocrx_word' id='word_1_72' title='bbox 1648 2069 1813 2181; x_wconf 87' lang='lat' dir='ltr'>quaestio</span> <span class='ocrx_word' id='word_1_73' title='bbox 1844 2069 1945 2155; x_wconf 89' lang='lat' dir='ltr'>circa</span> <span class='ocrx_word' id='word_1_74' title='bbox 1963 2093 2072 2156; x_wconf 75' lang='lat' dir='ltr'>arcus</span> 
     </span>
     <span class='ocr_line' id='line_1_13' title="bbox 795 2197 2068 2310; baseline -0.004 -19"><span class='ocrx_word' id='word_1_75' title='bbox 795 2204 932 2292; x_wconf 89' lang='lat' dir='ltr'>harum</span> <span class='ocrx_word' id='word_1_76' title='bbox 965 2226 1162 2286; x_wconf 86' lang='lat' dir='ltr'>cumarum</span> <span class='ocrx_word' id='word_1_77' title='bbox 1198 2197 1394 2306; x_wconf 77' lang='lat' dir='ltr'>versetur,</span> <span class='ocrx_word' id='word_1_78' title='bbox 1424 2197 1605 2307; x_wconf 88' lang='lat' dir='ltr'>quoniam</span> <span class='ocrx_word' id='word_1_79' title='bbox 1633 2201 1808 2310; x_wconf 87' lang='lat' dir='ltr'>cuiusque</span> <span class='ocrx_word' id='word_1_80' title='bbox 1839 2221 1978 2284; x_wconf 84' lang='lat' dir='ltr'>curuae</span> <span class='ocrx_word' id='word_1_81' title='bbox 2008 2223 2068 2286; x_wconf 86' lang='lat' dir='ltr'>ar·</span> 
     </span>
     <span class='ocr_line' id='line_1_14' title="bbox 794 2313 2071 2443; baseline -0.004 -25"><span class='ocrx_word' id='word_1_82' title='bbox 794 2358 862 2418; x_wconf 87' lang='lat' dir='ltr'>cus</span> <span class='ocrx_word' id='word_1_83' title='bbox 892 2355 962 2443; x_wconf 88' lang='lat' dir='ltr'>pet</span> <span class='ocrx_word' id='word_1_84' title='bbox 979 2313 1342 2441; x_wconf 48' lang='lat' dir='ltr'>slsldxssl-dy&#39;)</span> <span class='ocrx_word' id='word_1_85' title='bbox 1370 2324 1641 2436; x_wconf 70' lang='lat' dir='ltr'>exprimitur,</span> <span class='ocrx_word' id='word_1_86' title='bbox 1673 2327 1710 2427; x_wconf 86' lang='lat' dir='ltr'>in</span> <span class='ocrx_word' id='word_1_87' title='bbox 1742 2350 1817 2438; x_wconf 84' lang='lat' dir='ltr'>qua</span> <span class='ocrx_word' id='word_1_88' title='bbox 1845 2329 2071 2438; x_wconf 85' lang='lat' dir='ltr'>integratio-</span> 
     </span>
     <span class='ocr_line' id='line_1_15' title="bbox 795 2455 2066 2570; baseline -0.007 -23"><span class='ocrx_word' id='word_1_89' title='bbox 795 2483 846 2547; x_wconf 88' lang='lat' dir='ltr'>ne</span> <span class='ocrx_word' id='word_1_90' title='bbox 879 2478 1094 2570; x_wconf 87' lang='lat' dir='ltr'>parameter</span> <span class='ocrx_word' id='word_1_91' title='bbox 1122 2481 1154 2542; x_wconf 83' lang='lat' dir='ltr'><em>a</em></span> <span class='ocrx_word' id='word_1_92' title='bbox 1180 2481 1258 2570; x_wconf 90' lang='lat' dir='ltr'>pro</span> <span class='ocrx_word' id='word_1_93' title='bbox 1283 2455 1469 2541; x_wconf 82' lang='lat' dir='ltr'>constanti</span> <span class='ocrx_word' id='word_1_94' title='bbox 1497 2455 1723 2565; x_wconf 80' lang='lat' dir='ltr'>allumimr3</span> <span class='ocrx_word' id='word_1_95' title='bbox 1771 2473 1902 2540; x_wconf 87' lang='lat' dir='ltr'>totum·</span> <span class='ocrx_word' id='word_1_96' title='bbox 1945 2479 2066 2566; x_wconf 77' lang='lat' dir='ltr'>nego·</span> 
     </span>
     <span class='ocr_line' id='line_1_16' title="bbox 796 2572 2065 2700; baseline -0.002 -29"><span class='ocrx_word' id='word_1_97' title='bbox 796 2587 897 2672; x_wconf 93' lang='lat' dir='ltr'>tium</span> <span class='ocrx_word' id='word_1_98' title='bbox 927 2586 1005 2671; x_wconf 87' lang='lat' dir='ltr'>huc</span> <span class='ocrx_word' id='word_1_99' title='bbox 1035 2586 1168 2692; x_wconf 84' lang='lat' dir='ltr'>redit,</span> <span class='ocrx_word' id='word_1_100' title='bbox 1200 2603 1247 2668; x_wconf 82' lang='lat' dir='ltr'>rt</span> <span class='ocrx_word' id='word_1_101' title='bbox 1277 2581 1460 2669; x_wconf 86' lang='lat' dir='ltr'>formulae</span> <span class='ocrx_word' id='word_1_102' title='bbox 1492 2580 1681 2692; x_wconf 85' lang='lat' dir='ltr'>integralis</span> <span class='ocrx_word' id='word_1_103' title='bbox 1700 2572 1965 2698; x_wconf 70' lang='lat' dir='ltr'>JVldx&#39;÷</span> <span class='ocrx_word' id='word_1_104' title='bbox 1974 2578 2065 2700; x_wconf 69' lang='lat' dir='ltr'>ds)</span> 
     </span>
     <span class='ocr_line' id='line_1_17' title="bbox 795 2709 2066 2822; baseline -0.001 -22"><span class='ocrx_word' id='word_1_105' title='bbox 795 2713 1078 2800; x_wconf 89' lang='lat' dir='ltr'>incrementum</span> <span class='ocrx_word' id='word_1_106' title='bbox 1111 2711 1345 2820; x_wconf 81' lang='lat' dir='ltr'>definiatur,</span> <span class='ocrx_word' id='word_1_107' title='bbox 1371 2709 1475 2822; x_wconf 92' lang='lat' dir='ltr'>quod</span> <span class='ocrx_word' id='word_1_108' title='bbox 1507 2709 1673 2821; x_wconf 85' lang='lat' dir='ltr'>accipit,</span> <span class='ocrx_word' id='word_1_109' title='bbox 1707 2712 1800 2796; x_wconf 88' lang='lat' dir='ltr'>dum</span> <span class='ocrx_word' id='word_1_110' title='bbox 1832 2711 1876 2796; x_wconf 91' lang='lat' dir='ltr'>in·</span> <span class='ocrx_word' id='word_1_111' title='bbox 1901 2735 1946 2796; x_wconf 86' lang='lat' dir='ltr'>ea</span> <span class='ocrx_word' id='word_1_112' title='bbox 1976 2713 2066 2799; x_wconf 90' lang='lat' dir='ltr'>loco</span> 
     </span>
     <span class='ocr_line' id='line_1_18' title="bbox 796 2837 2067 2954; baseline 0 -27"><span class='ocrx_word' id='word_1_113' title='bbox 796 2841 1017 2954; x_wconf 83' lang='lat' dir='ltr'>quantitatis</span> <span class='ocrx_word' id='word_1_114' title='bbox 1048 2865 1078 2925; x_wconf 89' lang='lat' dir='ltr'>a</span> <span class='ocrx_word' id='word_1_115' title='bbox 1106 2843 1247 2924; x_wconf 88' lang='lat' dir='ltr'>eadem</span> <span class='ocrx_word' id='word_1_116' title='bbox 1275 2837 1343 2924; x_wconf 92' lang='lat' dir='ltr'>suo</span> <span class='ocrx_word' id='word_1_117' title='bbox 1372 2839 1611 2923; x_wconf 86' lang='lat' dir='ltr'>incremento</span> <span class='ocrx_word' id='word_1_118' title='bbox 1641 2837 1705 2922; x_wconf 86' lang='lat' dir='ltr'>da</span> <span class='ocrx_word' id='word_1_119' title='bbox 1731 2837 1842 2926; x_wconf 77' lang='lat' dir='ltr'>aubia</span> <span class='ocrx_word' id='word_1_120' title='bbox 1873 2837 2067 2927; x_wconf 80' lang='lat' dir='ltr'>substitua-</span> 
     </span>
     <span class='ocr_line' id='line_1_19' title="bbox 797 2961 2068 3082; baseline -0.002 -28"><span class='ocrx_word' id='word_1_121' title='bbox 797 2987 871 3054; x_wconf 87' lang='lat' dir='ltr'>tot.</span> <span class='ocrx_word' id='word_1_122' title='bbox 954 2961 1180 3053; x_wconf 81' lang='lat' dir='ltr'>Generatim</span> <span class='ocrx_word' id='word_1_123' title='bbox 1230 2965 1345 3077; x_wconf 88' lang='lat' dir='ltr'>igitur</span> <span class='ocrx_word' id='word_1_124' title='bbox 1391 2964 1563 3052; x_wconf 80' lang='lat' dir='ltr'>liloco</span> <span class='ocrx_word' id='word_1_125' title='bbox 1590 2989 1697 3052; x_wconf 76' lang='lat' dir='ltr'>arcun</span> <span class='ocrx_word' id='word_1_126' title='bbox 1723 2968 1793 3054; x_wconf 85' lang='lat' dir='ltr'>alia</span> <span class='ocrx_word' id='word_1_127' title='bbox 1820 2988 2068 3082; x_wconf 86' lang='lat' dir='ltr'>quaecunque</span> 
     </span>
    </p>
   </div>
   <div class='ocr_carea' id='block_1_3' title="bbox 796 3073 2234 3210">
    <p class='ocr_par' dir='ltr' id='par_1_3' title="bbox 796 3073 2234 3210">
     <span class='ocr_line' id='line_1_20' title="bbox 796 3073 2234 3210; baseline -0.001 -29"><span class='ocrx_word' id='word_1_128' title='bbox 796 3095 985 3209; x_wconf 83' lang='lat' dir='ltr'>exprellio</span> <span class='ocrx_word' id='word_1_129' title='bbox 1016 3095 1205 3207; x_wconf 87' lang='lat' dir='ltr'>integralis</span> <span class='ocrx_word' id='word_1_130' title='bbox 1222 3087 1380 3202; x_wconf 78' lang='lat' dir='ltr'>sde</span> <span class='ocrx_word' id='word_1_131' title='bbox 1404 3091 1615 3205; x_wconf 71' lang='lat' dir='ltr'>tuebatur,</span> <span class='ocrx_word' id='word_1_132' title='bbox 1649 3121 1743 3205; x_wconf 86' lang='lat' dir='ltr'>quae</span> <span class='ocrx_word' id='word_1_133' title='bbox 1774 3097 1976 3210; x_wconf 80' lang='lat' dir='ltr'>integratio</span> <span class='ocrx_word' id='word_1_134' title='bbox 2008 3117 2065 3180; x_wconf 83' lang='lat' dir='ltr'>cra</span> <span class='ocrx_word' id='word_1_135' title='bbox 2128 3159 2133 3168; x_wconf 88' lang='lat'><strong>.</strong></span> <span class='ocrx_word' id='word_1_136' title='bbox 2233 3073 2234 3082; x_wconf 11' lang='grc' dir='ltr'><strong><em>Ν</em></strong></span> 
     </span>
    </p>
   </div>
   <div class='ocr_carea' id='block_1_4' title="bbox 792 3219 2071 3976">
    <p class='ocr_par' dir='ltr' id='par_1_4' title="bbox 792 3219 2071 3976">
     <span class='ocr_line' id='line_1_21' title="bbox 796 3219 2062 3337; baseline 0 -26"><span class='ocrx_word' id='word_1_137' title='bbox 796 3227 882 3311; x_wconf 87' lang='lat' dir='ltr'>data</span> <span class='ocrx_word' id='word_1_138' title='bbox 915 3225 1015 3309; x_wconf 90' lang='lat' dir='ltr'>inter</span> <span class='ocrx_word' id='word_1_139' title='bbox 1044 3247 1072 3307; x_wconf 85' lang='lat' dir='ltr'><strong><em>x</em></strong></span> <span class='ocrx_word' id='word_1_140' title='bbox 1103 3243 1196 3325; x_wconf 85' lang='lat' dir='ltr'>ety</span> <span class='ocrx_word' id='word_1_141' title='bbox 1229 3225 1449 3331; x_wconf 86' lang='lat' dir='ltr'>aequatione</span> <span class='ocrx_word' id='word_1_142' title='bbox 1483 3219 1526 3305; x_wconf 83' lang='lat' dir='ltr'>fit</span> <span class='ocrx_word' id='word_1_143' title='bbox 1563 3221 1839 3332; x_wconf 85' lang='lat' dir='ltr'>conficienda,</span> <span class='ocrx_word' id='word_1_144' title='bbox 1880 3247 2062 3337; x_wconf 87' lang='lat' dir='ltr'>parame-</span> 
     </span>
     <span class='ocr_line' id='line_1_22' title="bbox 795 3349 2062 3464; baseline 0.006 -30"><span class='ocrx_word' id='word_1_145' title='bbox 795 3372 860 3435; x_wconf 90' lang='lat' dir='ltr'>tro</span> <span class='ocrx_word' id='word_1_146' title='bbox 889 3375 918 3434; x_wconf 88' lang='lat' dir='ltr'>a</span> <span class='ocrx_word' id='word_1_147' title='bbox 947 3377 1022 3462; x_wconf 90' lang='lat' dir='ltr'>pro</span> <span class='ocrx_word' id='word_1_148' title='bbox 1053 3349 1234 3436; x_wconf 88' lang='lat' dir='ltr'>constanti</span> <span class='ocrx_word' id='word_1_149' title='bbox 1266 3349 1414 3458; x_wconf 76' lang='lat' dir='ltr'>babita3</span> <span class='ocrx_word' id='word_1_150' title='bbox 1446 3351 1639 3461; x_wconf 89' lang='lat' dir='ltr'>quaeritur·</span> <span class='ocrx_word' id='word_1_151' title='bbox 1664 3369 1848 3464; x_wconf 90' lang='lat' dir='ltr'>quantam</span> <span class='ocrx_word' id='word_1_152' title='bbox 1880 3355 2062 3442; x_wconf 80' lang='lat' dir='ltr'>variatio·</span> 
     </span>
     <span class='ocr_line' id='line_1_23' title="bbox 794 3468 2061 3594; baseline 0.004 -33"><span class='ocrx_word' id='word_1_153' title='bbox 794 3503 889 3561; x_wconf 87' lang='lat' dir='ltr'>nem</span> <span class='ocrx_word' id='word_1_154' title='bbox 922 3479 1058 3563; x_wconf 88' lang='lat' dir='ltr'>eadem</span> <span class='ocrx_word' id='word_1_155' title='bbox 1089 3475 1278 3590; x_wconf 78' lang='lat' dir='ltr'>expressio</span> <span class='ocrx_word' id='word_1_156' title='bbox 1294 3468 1458 3585; x_wconf 81' lang='lat' dir='ltr'>sde</span> <span class='ocrx_word' id='word_1_157' title='bbox 1483 3480 1562 3562; x_wconf 92' lang='lat' dir='ltr'>iam</span> <span class='ocrx_word' id='word_1_158' title='bbox 1595 3479 1776 3591; x_wconf 82' lang='lat' dir='ltr'>integrata</span> <span class='ocrx_word' id='word_1_159' title='bbox 1804 3481 1854 3566; x_wconf 83' lang='lat' dir='ltr'>stt</span> <span class='ocrx_word' id='word_1_160' title='bbox 1883 3475 2061 3594; x_wconf 78' lang='lat' dir='ltr'>pallitta,</span> 
     </span>
     <span class='ocr_line' id='line_1_24' title="bbox 793 3605 2071 3722; baseline 0.001 -30"><span class='ocrx_word' id='word_1_161' title='bbox 793 3605 896 3692; x_wconf 84' lang='lat' dir='ltr'>liin</span> <span class='ocrx_word' id='word_1_162' title='bbox 928 3605 1156 3718; x_wconf 84' lang='lat' dir='ltr'>aequatione</span> <span class='ocrx_word' id='word_1_163' title='bbox 1184 3608 1284 3691; x_wconf 88' lang='lat' dir='ltr'>inter</span> <span class='ocrx_word' id='word_1_164' title='bbox 1313 3629 1343 3692; x_wconf 80' lang='lat' dir='ltr'>a</span> <span class='ocrx_word' id='word_1_165' title='bbox 1371 3625 1411 3691; x_wconf 88' lang='lat' dir='ltr'>et</span> <span class='ocrx_word' id='word_1_166' title='bbox 1429 3633 1469 3715; x_wconf 88' lang='lat' dir='ltr'><em>y</em></span> <span class='ocrx_word' id='word_1_167' title='bbox 1505 3606 1594 3691; x_wconf 82' lang='lat' dir='ltr'>data</span> <span class='ocrx_word' id='word_1_168' title='bbox 1640 3627 1866 3722; x_wconf 88' lang='lat' dir='ltr'>parameter</span> <span class='ocrx_word' id='word_1_169' title='bbox 1905 3635 1939 3696; x_wconf 79' lang='lat' dir='ltr'>a</span> <span class='ocrx_word' id='word_1_170' title='bbox 1982 3609 2071 3712; x_wconf 67' lang='lat' dir='ltr'>ele-t</span> 
     </span>
     <span class='ocr_line' id='line_1_25' title="bbox 795 3733 2064 3844; baseline 0.002 -26"><span class='ocrx_word' id='word_1_171' title='bbox 795 3755 933 3834; x_wconf 77' lang='lat' dir='ltr'>mento</span> <span class='ocrx_word' id='word_1_172' title='bbox 959 3735 1022 3820; x_wconf 84' lang='lat' dir='ltr'>da</span> <span class='ocrx_word' id='word_1_173' title='bbox 1052 3753 1242 3844; x_wconf 79' lang='lat' dir='ltr'>artgeatur.</span> <span class='ocrx_word' id='word_1_174' title='bbox 1333 3735 1492 3820; x_wconf 87' lang='lat' dir='ltr'>Eodem</span> <span class='ocrx_word' id='word_1_175' title='bbox 1522 3733 1761 3822; x_wconf 70' lang='lat' dir='ltr'>referendum</span> <span class='ocrx_word' id='word_1_176' title='bbox 1807 3737 1865 3822; x_wconf 82' lang='lat' dir='ltr'>esi</span> <span class='ocrx_word' id='word_1_177' title='bbox 1910 3735 2064 3822; x_wconf 83' lang='lat' dir='ltr'>celebre</span> 
     </span>
     <span class='ocr_line' id='line_1_26' title="bbox 792 3859 2065 3976; baseline 0.002 -32"><span class='ocrx_word' id='word_1_178' title='bbox 792 3859 884 3946; x_wconf 89' lang='lat' dir='ltr'>illud</span> <span class='ocrx_word' id='word_1_179' title='bbox 934 3861 1235 3947; x_wconf 69' lang='lat' dir='ltr'>traiebloriarum</span> <span class='ocrx_word' id='word_1_180' title='bbox 1266 3859 1582 3974; x_wconf 84' lang='lat' dir='ltr'>ortlrogonalium</span> <span class='ocrx_word' id='word_1_181' title='bbox 1618 3865 1823 3976; x_wconf 84' lang='lat' dir='ltr'>problema</span> <span class='ocrx_word' id='word_1_182' title='bbox 1841 3912 1876 3972; x_wconf 81' lang='lat'>,·</span> <span class='ocrx_word' id='word_1_183' title='bbox 1905 3864 1952 3948; x_wconf 91' lang='lat' dir='ltr'>in</span> <span class='ocrx_word' id='word_1_184' title='bbox 1981 3889 2065 3976; x_wconf 84' lang='lat' dir='ltr'>quo</span> 
     </span>
    </p>
   </div>
   <div class='ocr_carea' id='block_1_5' title="bbox 793 3983 2224 4113">
    <p class='ocr_par' dir='ltr' id='par_1_5' title="bbox 793 3983 2224 4113">
     <span class='ocr_line' id='line_1_27' title="bbox 793 3983 2224 4113; baseline 0.004 -42"><span class='ocrx_word' id='word_1_185' title='bbox 793 3989 912 4073; x_wconf 88' lang='lat' dir='ltr'>etiam</span> <span class='ocrx_word' id='word_1_186' title='bbox 962 3989 1134 4076; x_wconf 88' lang='lat' dir='ltr'>infinitae</span> <span class='ocrx_word' id='word_1_187' title='bbox 1182 3990 1303 4075; x_wconf 88' lang='lat' dir='ltr'>lineae</span> <span class='ocrx_word' id='word_1_188' title='bbox 1332 4014 1472 4076; x_wconf 85' lang='lat' dir='ltr'>cumae</span> <span class='ocrx_word' id='word_1_189' title='bbox 1498 3989 1566 4075; x_wconf 89' lang='lat' dir='ltr'>sub</span> <span class='ocrx_word' id='word_1_190' title='bbox 1591 3993 1682 4077; x_wconf 85' lang='lat' dir='ltr'>data</span> <span class='ocrx_word' id='word_1_191' title='bbox 1709 3983 1931 4106; x_wconf 87' lang='lat' dir='ltr'>aequatione</span> <span class='ocrx_word' id='word_1_192' title='bbox 1958 3994 2067 4077; x_wconf 85' lang='lat' dir='ltr'>inter</span> <span class='ocrx_word' id='word_1_193' title='bbox 2219 4100 2224 4113; x_wconf 30' lang='grc' dir='ltr'>Ι</span> 
     </span>
    </p>
   </div>
   <div class='ocr_carea' id='block_1_6' title="bbox 790 4116 2066 4745">
    <p class='ocr_par' dir='ltr' id='par_1_6' title="bbox 790 4116 2066 4620">
     <span class='ocr_line' id='line_1_28' title="bbox 792 4116 2066 4232; baseline 0.006 -32"><span class='ocrx_word' id='word_1_194' title='bbox 792 4116 982 4202; x_wconf 79' lang='lat' dir='ltr'>abscissam</span> <span class='ocrx_word' id='word_1_195' title='bbox 1015 4143 1061 4232; x_wconf 87' lang='lat' dir='ltr'>x,</span> <span class='ocrx_word' id='word_1_196' title='bbox 1089 4117 1322 4229; x_wconf 91' lang='lat' dir='ltr'>applicatam</span> <span class='ocrx_word' id='word_1_197' title='bbox 1340 4147 1394 4229; x_wconf 85' lang='lat' dir='ltr'>y,</span> <span class='ocrx_word' id='word_1_198' title='bbox 1425 4137 1470 4204; x_wconf 89' lang='lat' dir='ltr'>et</span> <span class='ocrx_word' id='word_1_199' title='bbox 1497 4139 1753 4231; x_wconf 75' lang='lat' dir='ltr'>paramentum</span> <span class='ocrx_word' id='word_1_200' title='bbox 1768 4121 1995 4207; x_wconf 77' lang='lat' dir='ltr'>variabilem</span> <span class='ocrx_word' id='word_1_201' title='bbox 2012 4145 2066 4229; x_wconf 82' lang='lat' dir='ltr'>a,</span> 
     </span>
     <span class='ocr_line' id='line_1_29' title="bbox 792 4249 2062 4358; baseline 0.006 -31"><span class='ocrx_word' id='word_1_202' title='bbox 792 4264 993 4329; x_wconf 85' lang='lat' dir='ltr'>contentae</span> <span class='ocrx_word' id='word_1_203' title='bbox 1042 4266 1342 4358; x_wconf 87' lang='lat' dir='ltr'>proponuntur,</span> <span class='ocrx_word' id='word_1_204' title='bbox 1398 4265 1512 4358; x_wconf 86' lang='lat' dir='ltr'>atque</span> <span class='ocrx_word' id='word_1_205' title='bbox 1560 4249 1752 4335; x_wconf 76' lang='lat' dir='ltr'>eiusmOdi</span> <span class='ocrx_word' id='word_1_206' title='bbox 1799 4249 1899 4334; x_wconf 87' lang='lat' dir='ltr'>linea</span> <span class='ocrx_word' id='word_1_207' title='bbox 1942 4273 2062 4335; x_wconf 85' lang='lat' dir='ltr'>curua</span> 
     </span>
     <span class='ocr_line' id='line_1_30' title="bbox 791 4375 2062 4488; baseline 0.009 -36"><span class='ocrx_word' id='word_1_208' title='bbox 791 4375 1011 4481; x_wconf 87' lang='lat' dir='ltr'>quaeritur,</span> <span class='ocrx_word' id='word_1_209' title='bbox 1059 4397 1154 4488; x_wconf 89' lang='lat' dir='ltr'>quae</span> <span class='ocrx_word' id='word_1_210' title='bbox 1191 4375 1274 4460; x_wconf 89' lang='lat' dir='ltr'>illas</span> <span class='ocrx_word' id='word_1_211' title='bbox 1303 4397 1439 4458; x_wconf 79' lang='lat' dir='ltr'>omnes</span> <span class='ocrx_word' id='word_1_212' title='bbox 1470 4375 1515 4460; x_wconf 89' lang='lat' dir='ltr'>ad</span> <span class='ocrx_word' id='word_1_213' title='bbox 1546 4377 1703 4486; x_wconf 83' lang='lat' dir='ltr'>angulos</span> <span class='ocrx_word' id='word_1_214' title='bbox 1732 4377 1858 4464; x_wconf 75' lang='lat' dir='ltr'>tenor</span> <span class='ocrx_word' id='word_1_215' title='bbox 1886 4378 2062 4464; x_wconf 89' lang='lat' dir='ltr'>traiiciat.</span> 
     </span>
     <span class='ocr_line' id='line_1_31' title="bbox 790 4499 2066 4668; baseline 0.005 -84"><span class='ocrx_word' id='word_1_216' title='bbox 790 4499 857 4591; x_wconf 85' lang='lat' dir='ltr'>Ad</span> <span class='ocrx_word' id='word_1_217' title='bbox 886 4502 988 4613; x_wconf 93' lang='lat' dir='ltr'>quod</span> <span class='ocrx_word' id='word_1_218' title='bbox 1017 4504 1219 4618; x_wconf 88' lang='lat' dir='ltr'>problema</span> <span class='ocrx_word' id='word_1_219' title='bbox 1251 4500 1470 4668; x_wconf 82' lang='lat' dir='ltr'>soluendum</span> <span class='ocrx_word' id='word_1_220' title='bbox 1517 4505 1772 4620; x_wconf 74' lang='lat' dir='ltr'>applicatay</span> <span class='ocrx_word' id='word_1_221' title='bbox 1820 4523 1867 4592; x_wconf 78' lang='lat' dir='ltr'>rt</span> <span class='ocrx_word' id='word_1_222' title='bbox 1912 4503 2066 4590; x_wconf 72' lang='grc'>11111110</span> 
     </span>
    </p>

    <p class='ocr_par' dir='ltr' id='par_1_7' title="bbox 1894 4632 2064 4745">
     <span class='ocr_line' id='line_1_32' title="bbox 1894 4632 2064 4745; baseline 0.041 -29"><span class='ocrx_word' id='word_1_223' title='bbox 1894 4632 2064 4745; x_wconf 79' lang='lat' dir='ltr'>ipsamnr</span> 
     </span>
    </p>
   </div>
   <div class='ocr_carea' id='block_1_7' title="bbox 0 0 2250 5809">
    <p class='ocr_par' dir='ltr' id='par_1_8' title="bbox 0 0 2250 5809">
     <span class='ocr_line' id='line_1_33' title="bbox 0 0 2250 5809; baseline 0 0"><span class='ocrx_word' id='word_1_224' title='bbox 0 0 2250 5809; x_wconf 95' lang='lat' dir='ltr'> </span> 
     </span>
    </p>
   </div>
  </div>
 </body>
</html>
