4492 5809
818 547 913 634 294
1024 504 1888 616 OBSERVATIONES.

841 708 850 717 .
965 752 1198 872 Quanquam
1246 752 1299 839 de
1345 747 1449 837 causa
1484 744 1753 860 -phaenomeni
1803 740 1914 831 huius
1964 738 2112 835 dubita·

814 878 1033 993 haeream,
1060 883 1227 994 suspicor
1273 899 1407 969 tamen
1440 880 1531 963 inde
1562 876 1648 989 peti
1673 900 1766 961 cam
1796 873 1962 982 debete,
1992 874 2092 988 quod

938 1072 982 1191 1)
1011 1070 1082 1161 Sol
1097 1074 1226 1157 oriens
1252 1095 1300 1157 ac
1328 1072 1506 1157 occidens
1530 1068 1656 1155 luccat
1686 1067 1800 1151 radiis
1816 1065 1954 1181 rubris,
1969 1066 2091 1157 idem-

812 1225 893 1316 que
922 1203 990 1289 fiat
1017 1228 1043 1288 a
1071 1200 1248 1311 candelis,
1276 1198 1413 1311 quibus
1443 1201 1608 1306 utimur,
1638 1200 1838 1285 consuetis.

935 1404 983 1502 e)
1004 1390 1131 1507 ‘Quod
1166 1411 1315 1505 praeter
1344 1390 1537 1479 directum
1577 1388 1679 1479 Sulis
1723 1386 1893 1496 lumen,
1925 1412 2090 1503 corpora

814 1524 949 1609 omnia
987 1522 1213 1609 illustrentur
1264 1522 1352 1609 luce
1376 1522 1502 1609 adhuc
1532 1518 1639 1626 elia,
1680 1542 1800 1629 quum
1830 1520 1960 1606 lucem
1993 1522 2090 1607 diut-

813 1675 907 1735 nam
938 1672 1140 1737 vocamus.
1200 1648 1317 1739 Dum
1347 1652 1456 1735 enim
1487 1644 1596 1733 Solis
1624 1646 1720 1733 radii
1751 1647 1919 1735 incidunt
1950 1648 1992 1733 in
2020 1674 2091 1737 ae·

812 1803 932 1888 rem,
960 1780 1115 1870 nubes,
1143 1802 1378 1891 corporaque
1405 1776 1590 1863 terrestria
1620 1794 1793 1885 caeteta,
1844 1776 2091 1889 irregulariter

811 1904 906 1993 hinc
935 1904 1218 2014 reflectantur,
1261 1894 1308 1992 ac
1339 1904 1607 2018 quaquauetsus
1649 1904 1945 2013 disstibuuntut,
1994 1906 2088 1994 haec

811 2056 908 2119 ueto
937 2034 1006 2121 iux
1040 2034 1220 2142 reflexa,
1252 2035 1292 2119 in
1323 2058 1484 2146 corpora
1513 2031 1697 2127 incidens,
1725 2033 1854 2118 aalide
1886 2032 1967 2146 ipsa
2008 2035 2085 2120 illu·

809 2162 931 2274 iirat,
979 2187 1197 2277 quanquam
1226 2160 1334 2252 Solia
1363 2163 1458 2251 radii
1487 2162 1620 2249 directi
1649 2158 1703 2251 en
1734 2185 1817 2248 nnn
1850 2163 2082 2277 pertingant.

620 2325 707 2447 ’ω’
731 2320 783 2406 V·
948 2346 994 2441 Si
1024 2376 1118 2465 ergo
1148 2354 1230 2444 EF
1260 2354 1514 2467 repraesentet
1542 2352 1745 2463 tabulam,
1792 2354 1834 2440 in
1877 2378 1952 2467 qun
1995 2380 2083 2443 van·

558 2562 563 2570 .
645 2425 723 2531 th.
750 2458 786 2521 ³‘
808 2481 876 2565 bra
905 2483 1121 2590 excipitur,
1171 2480 1253 2569 AB
1286 2508 1426 2595 corpus
1457 2486 1639 2568 umbram
1673 2485 1911 2595 proiiciens,
1955 2488 2081 2571 cadat-

720 2626 724 2633 '
806 2634 884 2721 qne
915 2608 1086 2716 umbra,
1116 2636 1234 2721 quam
1267 2610 1437 2697 efficiunt
1470 2632 1537 2694 aut
1566 2608 1670 2697 Solis
1701 2612 1896 2697 horizonti
1929 2616 2077 2727 propin-

809 2737 914 2852 qui,
942 2758 1010 2823 aut
1043 2740 1226 2825 candelae
1258 2744 1355 2827 radii
1384 2740 1523 2826 directi
1554 2742 1596 2827 in
1629 2738 1716 2827 CD

931 2925 976 3045 a)
1004 2956 1089 3043 pars
1118 2931 1269 3019 tabulae
1300 2928 1381 3019 EC
1417 2962 1466 3023 ac
1513 2930 1598 3019 DF
1645 2932 1883 3021 illustrabitur
1930 2950 2011 3021 tam
2053 2958 2071 3021 a

807 3059 954 3145 lamine
983 3060 1155 3163 diurno,
1195 3086 1311 3172 quam
1341 3086 1366 3145 a
1395 3063 1541 3149 lumine
1569 3060 1822 3173 rubescente,
1849 3064 1955 3175 quod
1984 3060 2070 3153 Snl'n

804 3208 873 3273 aut
902 3188 1083 3275 candelae
1112 3191 1209 3275 radii
1239 3187 1517 3303 suppeditant(

927 3391 974 3489 2)
1002 3374 1104 3463 Cum
1138 3404 1277 3493 corpus
1319 3380 1403 3470 AB
1449 3384 1664 3499 intercipiat
1712 3382 1836 3468 radios
1880 3384 2009 3469 rubros
2049 3408 2068 3471 a

806 3497 901 3594 Sole
932 3530 998 3594 aut
1044 3509 1202 3593 candela
1235 3536 1484 3622 emanantes,
1515 3540 1599 3625 pars
1632 3509 1721 3599 CD
1750 3537 1829 3597 non
1862 3514 2063 3617 illustratur,

806 3635 875 3719 nist
926 3635 1012 3722 luce
1058 3636 1194 3764 diuma
1244 3638 1333 3727 sola.
1402 3639 1562 3729 Constat
1608 3646 1761 3753 itaque,
1814 3666 1903 3728 eam
1932 3640 2066 3727 tabulae

804 3780 996 3877 partem,
1046 3788 1144 3875 quae
1172 3766 1305 3855 diurna
1334 3770 1460 3857 solum
1492 3774 1576 3891 luqe
1607 3771 1836 3874 illustratur,
1889 3774 2005 3860 videti
2033 3772 2064 3852 in

1999 3898 2064 3983 hoc

805 4118 2041 4163 m—-h———ffl

905 4240 1000 4317 fuisse
1019 4246 1096 4320 satis
1119 4246 1293 4339 eleganter
1321 4250 1455 4325 virides.
1526 4256 1630 4331 Erat,
1654 4278 1733 4325 eum
1755 4252 1823 4326 hnc
1845 4252 2063 4332 obseruarem,

905 4369 965 4417 aer
986 4345 1102 4447 sparfis
1124 4348 1269 4423 nubibus
1292 4350 1502 4433 rubicundo,
1524 4370 1582 4427 aut
1606 4380 1708 4427 aureo
1731 4356 1859 4453 potius,
1882 4356 1995 4428 colore
2013 4357 2064 4425 tin·

908 4441 993 4527 stis,
1015 4450 1189 4549 repletus,
1212 4452 1301 4525 vnde
1323 4456 1375 4525 vix
1395 4452 1535 4527 dubium
1559 4452 1624 4527 esse
1645 4454 1778 4554 potest,
1800 4454 1908 4529 flauos
1932 4458 2067 4531 radiosa

904 4546 1005 4619 nubis
1028 4550 1197 4632 reflexos,
1229 4553 1389 4651 enantion
1420 4554 1615 4633 vmbrarum
1646 4558 1753 4631 colori
1785 4561 1930 4644 utirtes,
1960 4554 2066 4633 mdes

898 4646 1076 4725 reddidiffe
1096 4648 1246 4729 umbras.
1371 4754 1377 4779 ι
