4492 5809
589 571 1037 676 onrrcan
1369 562 1496 713 ,φ’

293 812 570 931 ⁴Quanquam
590 829 721 899 autern
756 816 891 901 ultima
928 814 1022 903 haec
1055 813 1231 904 sententia
1282 816 1459 927 phaeno-

198 940 347 1048 menis,
394 944 566 1055 aerisque
605 944 816 1056 dioptrices
846 945 1018 1054 legibus,
1069 932 1189 1057 magia
1217 946 1457 1055 consentiat,
1564 953 1566 961 ’

196 1093 303 1179 quarn
337 1072 522 1180 priona,
546 1096 668 1183 neque
699 1074 854 1155 aflerere
885 1074 1039 1179 aufim,
1077 1076 1243 1163 omuino
1274 1074 1457 1158 morbum

194 1195 333 1280 huncce
364 1219 495 1282 ortum
527 1198 620 1283 hinc
652 1196 803 1281 trahere
833 1220 913 1285 non
946 1202 1082 1309 posse,
1136 1206 1290 1311 propria
1330 1222 1459 1285 tamen

191 1324 429 1431 experientia
459 1324 654 1409 conuictus
685 1325 840 1429 existo,
893 1328 974 1409 dari
1009 1330 1216 1413 minimum
1264 1329 1458 1413 interdurn

189 1449 320 1559 casua,
368 1453 435 1535 rbi
485 1452 643 1534 morbus
696 1450 885 1538 eiusmodi
932 1452 1061 1566 ¹sedem
1109 1454 1213 1539 suam
1260 1458 1302 1541 in
1333 1456 1459 1542 tunica

186 1579 308 1665 retina
326 1578 504 1661 'omnino
534 1603 615 1663 non
645 1575 774 1665 habet.

202 1749 208 1760 ·
324 1722 481 1835 Laboro
511 1750 655 1839 nempe
687 1724 764 1834 ipse
796 1724 875 1809 hoc
908 1726 1051 1811 morbo
1102 1750 1155 1813 ex
1204 1727 1325 1839 longo
1377 1725 1456 1813 iam
1513 1758 1516 1766 ¹

185 1868 399 1963 tempore,
434 1879 477 1935 ae
510 1854 663 1939 forfitan
691 1879 713 1935 a
747 1854 1089 1964 primiainnntiae
1122 1855 1260 1967 annis;
1326 1876 1459 1942 ortum

184 1983 294 2063 enirn
344 1981 456 2087 ipfius
503 1983 674 2091 ignoro,
720 2005 839 2090 neque
888 1968 1059 2091 unquam
1100 1982 1167 2067 has
1199 1985 1362 2066 maculas
1393 2008 1462 2068 me

182 2106 388 2191 obseruaise
421 2110 612 2215 memini,
658 2107 726 2190 nisr
760 2127 938 2192 ante10
973 2097 1121 2191 circster
1167 2134 1317 2219 annos,
1367 2135 1459 2198 cum

179 2234 377 2319 obiectum
411 2235 604 2344 quoddam
637 2235 862 2341 denatum,
911 2234 1028 2320 coelo
1080 2236 1268 2319 existente
1318 2237 1461 2340 admof

99 2368 103 2373 ’
179 2363 279 2449 dum
310 2362 469 2463 sereno,
502 2365 783 2474 contemplans,
813 2366 983 2471 primurn
1017 2387 1083 2445 eas
1100 2364 1354 2463 obseruarem.
1392 2356 1458 2451 na

177 2515 234 2574 eo
267 2508 444 2600 tempore
475 2497 619 2599 penitus
647 2493 803 2571 eaedem
837 2491 1100 2601 perstiterunt,
1132 2515 1248 2600 usque
1282 2493 1328 2573 ad
1358 2489 1454 2575 tern-

171 2641 282 2728 pus‚·.
302 2642 382 2724 quo
414 2618 509 2700 haec
544 2617 687 2706 scribo,
719 2618 787 2698 rbi
818 2616 942 2698 adbuc
978 2637 1166 2719 numeru,
1199 2618 1476 2725 magnitudine

172 2764 222 2830 et
256 2743 349 2825 loco
381 2743 540 2858 praecise
573 2744 665 2826 tales
696 2761 881 2855 apparent
907 2808 928 2855 ‚¹
966 2746 1022 2829 uti
1061 2742 1325 2857 apparebant,
1362 2746 1457 2833 dum

169 2874 356 2987 primunt
389 2868 479 2986 ipsas
510 2894 721 2985 temeram

334 3034 675 3147 opportunitatem
708 3036 834 3143 itaque
869 3036 1027 3142 nudus,
1079 3061 1158 3149 ope
1198 3036 1480 3149 experientiae·

169 3160 219 3251 r'n
266 3188 398 3251 veram
449 3166 577 3247 morbi
622 3184 789 3248 naturam
842 3164 1089 3275 inquirendi,
1123 3166 1324 3267 enodius,
1361 3194 1455 3279 quae

165 3294 309 3409 ipsum
341 3294 576 3377 comitantur
597 3293 936 3403 ,.circumstantias
962 3296 1158 3375 annotaui.
1191 3294 1459 3381 Animaduerti

162 3442 312 3507 autem
347 3422 496 3527 statim,
526 3418 683 3531 duplicis
716 3416 806 3530 esse,
838 3446 932 3533 quae
967 3420 1064 3505 milri
1098 3444 1309 3533 apparent,
1336 3447 1455 3533 gene-

159 3552 268 3657 τῖε,
301 3549 493 3661 manaim
528 3574 690 3661 namque

310 3712 351 3829 ι)
385 3715 412 3798 sr
445 3676 638 3799 obideium
672 3715 832 3821 album,
857 3734 928 3810 aut
956 3703 1328 3821 coelumsercnum,
1363 3738 1458 3799 con·

158 3843 370 3954 temptor,
400 3844 513 3927 uideo
546 3842 709 3952 figurat,
737 3866 835 3954 qraae
883 3842 1048 3926 referunt
1089 3838 1153 3923 fin
1186 3842 1353 3947 nodob,
1388 3868 1457 3940 ra÷

146 3976 226 4061 tia
272 3973 419 4063 ratione
448 3968 514 4055 fibi
546 3970 750 4083 implexa,
782 3996 824 4055 ae
856 3970 1159 4078 tranapareutia,
1193 3966 1292 4075 quast
1325 3993 1456 4053 cerne·
1493 4014 1498 4023 ·

142 4126 265 4188 rem
306 4098 390 4185 vasa
424 4086 682 4210 lymphatica,
715 4099 908 4208 aliquoties
940 4098 1006 4182 sabi
1019 4179 1024 4189 ,
1037 4096 1246 4205 implexa,
1277 4092 1355 4201 lym
1359 4094 1460 4208 pha·

143 4252 247 4343 que
291 4226 502 4311 admodum
536 4246 791 4335 transparente
819 4226 981 4332 turgida.

306 4396 351 4490 a)
382 4382 554 4465 Obseruo
573 4382 751 4466 ‘maculas
797 4383 974 4489 quasdam
1034 4373 1222 4484 prioribus
1250 4372 1458 4460 adlneren·
1508 4450 1520 4476 χ

131 4535 214 4603 tes
249 4576 266 4615 ‚
331 4511 507 4597 rotundas
536 4528 649 4615 arque
682 4532 851 4618 opacas,
900 4530 979 4589 non
1013 4509 1161 4611 penitus
1191 4523 1354 4606 tamen,
1395 4503 1456 4591 sed

224 4630 739 4727 Tom.X.Nou.Comm.
1002 4633 1089 4718 00
1342 4630 1457 4717 instar
