4492 5809
810 599 875 704 9⁶
1155 585 1253 684 DE
1314 579 1734 682 ΜΕΤΗΟΒΟ

812 840 904 910 turn
935 817 1125 908 formulae
1143 814 1182 930 J
1187 809 1299 908 de
1330 819 1439 906 rulor
1467 819 1603 905 enedrt
1627 815 1824 904 maximus
1838 809 2069 908 minimume.

809 952 933 1038 Valor
976 948 1132 1060 quidum
1156 949 1456 1036 determinatus
1495 973 1621 1058 prny
1650 946 1854 1032 sumendus
1886 948 2069 1056 negotium

811 1077 1007 1185 conficit,
1032 1077 1091 1160 sed
1127 1075 1261 1158 relatio
1289 1075 1476 1185 quendem
1510 1077 1608 1158 inter
1636 1098 1666 1158 rr
1695 1093 1736 1158 et
1751 1103 1787 1180 y
1817 1067 1985 1184 affigunri
2011 1078 2072 1166 de·

811 1207 913 1317 bet3
947 1221 1151 1316 propterea
1182 1204 1284 1312 quod
1317 1201 1433 1288 etiem
1448 1201 1480 1294 li
1510 1201 1598 1312 post
1631 1201 1930 1308 integrationem
1961 1228 2074 1314 pont-

819 1351 882 1417 tur
912 1355 1054 1437 erza,
1087 1348 1221 1414 tumen
1253 1327 1363 1413 rulot
1393 1329 1578 1440 integralis
1614 1321 1653 1440 s
1656 1322 1696 1413 Z
1711 1330 1742 1414 d
1754 1355 1784 1415 rr
1832 1355 1855 1414 a
1903 1329 2075 1420 relatione

817 1457 1051 1563 indefinita,
1079 1481 1177 1568 qnae
1207 1456 1309 1542 inter
1341 1483 1369 1542 z
1409 1478 1451 1541 et
1469 1485 1505 1565 y
1552 1457 1786 1570 intercedit3
1823 1456 2015 1568 pendeat,
2039 1481 2078 1547 et

816 1613 890 1703 per
920 1609 1062 1675 omnen
1090 1585 1238 1674 naiores
1269 1588 1419 1672 medios
1448 1585 1558 1698 iplius
1578 1611 1614 1693 y
1650 1585 1939 1671 determinetur.

968 1880 1140 1972 Verum.
1157 1879 1249 1968 tales
1276 1881 1507 1994 quaestiones
1538 1881 1638 1970 circu
1687 1880 1888 1970 lorrnulrrm
1929 1872 2080 1994 sde

818 2009 1038 2101 maximnm
1071 2010 1281 2100 minimam
1300 2033 1351 2094 ve
1382 2011 1612 2096 reddendum
1644 2015 1773 2098 multo
1803 2013 1910 2098 letius
1931 2028 2080 2123 putent,

818 2164 943 2253 neque
971 2159 1121 2225 tanturm
1152 2140 1200 2224 nd
1229 2144 1344 2244 culus,
1361 2140 1492 2251 quibus
1524 2133 1564 2224 Z
1598 2141 1652 2224 ell
1684 2136 1828 2226 lirneiio
1858 2138 2021 2250 ipsarum
2054 2163 2081 2223 rr

821 2287 862 2352 et
880 2296 953 2374 y,
980 2269 1283 2378 restringuntur,
1315 2265 1375 2350 sed
1409 2292 1482 2378 pro
1514 2259 1554 2352 Z
1586 2269 1717 2353 adurni
1748 2267 1873 2376 potell
1902 2263 2084 2378 exprelllo

820 2419 1098 2508 quaecuuque,
1147 2419 1247 2505 quen,
1293 2393 1481 2505 relatione
1520 2398 1697 2506 quapiam
1728 2397 1829 2482 inter
1857 2419 1888 2480 x
1916 2411 1957 2480 et
1971 2422 2008 2500 y
2034 2391 2084 2477 us·

819 2521 941 2608 sumtu
973 2524 1265 2610 determinetur.
1331 2523 1438 2606 Hinc
1473 2514 1514 2606 Z
1545 2522 1738 2625 inuoluere
1769 2524 1912 2633 poterit
1940 2539 2085 2634 praeter

819 2647 915 2759 ipio
963 2650 1164 2736 vadabiles
1192 2675 1223 2735 rr
1253 2669 1344 2756 ety
1376 2649 1493 2734 etiarn
1525 2651 1749 2740 relationem
1782 2649 2084 2739 differentialium
2202 2721 2203 2754 ÷

820 2801 985 2886 cuturn,
1034 2801 1159 2889 neque
1210 2775 1329 2862 solum
1362 2779 1686 2888 primordium,
1733 2780 1791 2864 ed
1826 2779 1944 2864 etium
1978 2778 2095 2892 altio<
2202 2773 2203 2865 l

820 2929 910 2991 rum
944 2903 1129 2989 ordinum
1165 2927 1512 3018 quorumcunque;
1549 2907 1683 2991 lc'ilicet
1707 2907 1734 2992 su
1755 2907 1826 2992 hae
1857 2907 2088 2992 differentiu-

819 3051 916 3140 lium
947 3056 1112 3140 rationes
1145 3055 1195 3138 itu
1228 3055 1529 3164 exprimuntur,
1565 3021 1620 3144 rt¹
1642 3059 1686 3146 sut
1717 3025 1883 3174 ἔζερς
1917 3021 2091 3172 3:43
2201 3147 2202 3178 ᾧ

826 3167 989 3310 ,ξ’-,ἵεν
1029 3214 1104 3302 etc.
1158 3197 1345 3307 quantitas
1391 3191 1430 3282 Z
1479 3199 1634 3310 speclari
1680 3178 1823 3316 poterit
1848 3179 1850 3184 ¹
1873 3222 1918 3284 ut
1950 3200 2095 3289 sunnin
2201 3179 2202 3251 l

827 3347 1075 3438 quaecunque
1103 3326 1283 3409 omnium
1313 3323 1446 3410 hurum
1480 3351 1529 3436 x,
1551 3353 1608 3438 y,
1638 3345 1688 3446 p,
1722 3354 1762 3444 q,
1794 3354 1819 3442 r
1849 3351 1928 3442 etcr
1987 3333 2098 3450 Quin

829 3452 949 3536 etium
981 3454 1163 3560 quantitas
1194 3439 1235 3534 Z
1264 3473 1452 3562 praeterea
1485 3461 1523 3536 in
1554 3460 1589 3540 se
1620 3457 1828 3569 complrd’ti
1861 3444 1997 3568 potest
2019 3487 2099 3544 no·
2200 3469 2201 3536 ξ

826 3603 902 3663 uus·
920 3577 1101 3661 formulas
1132 3575 1340 3688 integrales
1365 3601 1552 3694 utcunque
1585 3588 1623 3670 in
1658 3573 1713 3671 eu*
1733 3563 1945 3698 inuolutus;
1991 3589 2095 3671 unde

825 3705 937 3818 plura
967 3729 1104 3816 gemetu
1138 3703 1355 3790 huiusmodi
1382 3703 1648 3817 ‘qtraestionurn
1683 3714 1896 3820 nascuntur,
1930 3715 2098 3826 adquae

822 3831 1030 3920 methodus
1063 3831 1229 3920 soluendi
1259 3839 1541 3925 accommodari
1570 3839 1696 3964 delict.

1438 4004 1504 4094 v..

830 4141 835 4149 ’
977 4143 1207 4238 Huiusmodi
1241 4149 1479 4263 problemata
1511 4157 1681 4266 primurn
1715 4155 1909 4244 octtfione
1955 4153 2108 4244 fumoli

828 4271 930 4360 illius
977 4272 1222 4362 Problemauis
1254 4279 1585 4390 lioperirnetrici,
1641 4311 1664 4369 n
1717 4286 1853 4374 Iacobo
1881 4283 2110 4373 Bernuullr'u
2198 4361 2199 4400 i

830 4398 930 4482 olim
962 4398 1003 4482 in
1034 4402 1228 4488 summurn
1258 4408 1472 4514 -Anulyleoe
1505 4411 1784 4503 incrementum
1817 4414 1982 4526 agitati,
2021 4435 2114 4497 tra-

831 4523 926 4614 etan
975 4526 1056 4612 sunt
1103 4553 1274 4648 coepta,
1304 4538 1407 4646 quod
1439 4537 1599 4626 arduum
1619 4525 1824 4653 'negotium
1873 4542 1974 4754 etiis
1990 4543 2115 4688 mira

1964 4693 2115 4784 agaen·
