4492 5809
795 587 856 685 aa
1183 563 1630 701 &giblim-³
1722 557 1726 564 ’

789 909 794 925 ,
938 800 1116 901 Secunda
1147 809 1373 897 obseruatio
1402 793 1552 921 spellat
1584 806 1780 896 morbum
1810 799 2054 921 oculorum,

795 964 880 1051 quo
912 960 1006 1027 ante
1038 939 1209 1030 oculum
1241 938 1448 1023 obiectum
1480 939 1686 1051 quoddam
1716 937 1857 1021 album
1886 960 1959 1027 aut
1984 941 2055 1049 lu,-

792 1070 934 1155 ciclum
973 1060 1355 1182 contemplantem,
1406 1067 1589 1188 maculae
1632 1064 1810 1177 nigrae,
1859 1077 2060 1182 tanquam

794 1200 982 1308 muscae,
1029 1199 1254 1285 obuolitare
1293 1196 1498 1279 uidentur.
1593 1196 1725 1281 Multi
1756 1196 1948 1302 equidem
1979 1197 2063 1283 hoc

793 1327 926 1413 morbi
958 1351 1105 1435 genere
1138 1325 1349 1428 laborant,
1380 1324 1436 1409 ast
1465 1345 1591 1407 nerno
1621 1322 1774 1410 maiori
1802 1344 1900 1406 cura
1921 1351 2061 1437 ‚quam
2177 1381 2179 1384 ψ

793 1453 954 1541 Author
1000 1456 1044 1549 in
1069 1453 1241 1537 sedem
1272 1448 1676 1562 morbi.,irq‘uihuit.
1725 1449 1917 1562 Plerique
1965 1480 2059 1540 rne-

791 1586 983 1673 dicorum
1015 1579 1303 1697 quaefiuerunt
1334 1578 1587 1665 infirmitatis
1631 1580 1757 1667 huius
1806 1582 1966 1668 caubm
2011 1588 2059 1691 in

793 1714 1004 1827 particulis
1045 1713 1181 1823 opacis
1231 1707 1403 1797 humori
1450 1728 1579 1823 aqueo
1623 1713 1893 1798 innatantibus
1916 1715 1936 1819 ,'
1982 1713 2059 1801 alii

792 1844 983 1957 opacitati
1013 1842 1202 1955 partium
1234 1838 1353 1925 lentis
1385 1837 1670 1949 crystallinae,
1700 1858 1743 1926 et
1774 1841 1846 1927 alii
1885 1844 2062 1956 denique

790 1976 970 2084 partibus
988 1975 1161 2057 tunicae
1193 1970 1347 2053 retinae
1374 1970 1590 2055 sensatione
1624 1974 1826 2083 priuatis,
1859 1970 1944 2057 siue
1983 2000 2062 2085 pa·
2092 1972 2095 1976 ’

786 2101 918 2209 ralyfi
974 2100 1164 2205 affictis,
1211 2122 1316 2208 quae
1361 2096 1507 2209 opinio
1532 2092 1643 2187 ¹'Cei
1695 2100 1847 2215 Brfflao
1895 2126 2062 2215 quoque

793 2230 966 2337 arridet,
999 2232 1284 2316 attribuerunt
1350 2226 1512 2313 Vltima
1543 2230 1735 2316 sententia
1754 2288 1782 2337 ,·
1796 2228 1891 2316 licet
1928 2236 2066 2341 magis

793 2355 949 2465 legibus
982 2358 1206 2470 ,dioptricis
1248 2354 1499 2467 consentiat,
1550 2358 1717 2474 propria
1754 2376 1893 2449 tamen
1929 2384 2062 2477 erpe-

794 2488 939 2578 rientia
984 2491 1199 2575 conuictus
1228 2490 1282 2574 eli
1311 2486 1505 2597 Auctor,
1551 2493 1640 2577 dari
1679 2492 1821 2602 casua,
1869 2490 1967 2577 tbi·
1989 2490 2063 2578 hic

732 2665 737 2679 ·
794 2619 962 2707 morbus
994 2618 1123 2703 sedem
1160 2620 1204 2703 in
1237 2618 1374 2705 tunica
1405 2621 1534 2702 retina
1551 2615 1647 2707 'non
1669 2619 1813 2731 habet,
1830 2639 1873 2705 et
1890 2622 1933 2705 in
1950 2620 2069 2709 hanc

792 2745 1035 2841 sententiam·
1063 2748 1276 2849 maraht,
1292 2766 1341 2827 ut
1373 2748 1505 2829 stdem
1539 2748 1673 2833 morbi
1705 2774 1787 2831 non
1820 2745 1915 2833 alibi
1928 2770 2060 2861 quarn

792 2873 840 2957 in
872 2874 1051 2959 humore
1081 2875 1229 2959 uitreo
1252 2876 1518 2983 quaerendam
1551 2874 1647 2981 esse,
1678 2894 1798 2988 atque
1830 2879 1933 2965 oriri
1950 2905 1974 2964 a
1989 2880 2065 2965 di-

782 2997 987 3111 latatione
1020 3001 1372 3091 subtiiiffimorum
1397 3002 1596 3089 uasorum
1629 3003 1853 3117 lympham
1885 3010 2060 3121 diapha⁴

795 3154 893 3215 nam
926 3122 1200 3239 vehentium,
1232 3150 1275 3214 et
1307 3136 1539 3219 introitum
1577 3135 1757 3245 partibus
1805 3136 2059 3225 cralhoribus
2195 3195 2199 3200 ·

793 3274 837 3342 et
867 3264 1003 3371 opacis
1036 3262 1347 3370 praebentium,
1394 3261 1603 3376 aliterque·
1623 3263 1766 3351 lumen
1799 3294 1844 3353 ac
1880 3267 2064 3383 lympha

797 3386 1143 3496 refringentium,
1184 3393 1405 3476 existemet.
1466 3385 1792 3485 'obseruationes
1840 3413 1882 3481 et
1929 3424 2066 3510 expe-

795 3512 964 3600 rientiae
1008 3518 1203 3605 nouom
1243 3523 1299 3604 ita
1337 3538 1593 3631 comparatae
1628 3526 1705 3609 esse
1745 3526 1957 3631 uidentur,
2005 3544 2063 3613 ut

792 3642 962 3730 nullum
994 3647 1167 3734 dubium
1199 3644 1460 3760 relinquant,¹
1477 3653 1578 3760 quin
1611 3679 1753 3740 ueram
1784 3656 1916 3742 sedern
1935 3678 2065 3742 mor-

792 3770 832 3856 bi
852 3774 1006 3859 ³saltem
1036 3778 1285 3888 suiipsius,
1313 3776 1511 3885 assignasse
1543 3780 1594 3866 fit
1617 3784 1844 3868 censendus.
1908 3778 1922 3791 ’

811 3944 814 3949 ·
901 3900 982 3987 :In
1010 3905 1289 3994 obseruatione
1321 3911 1462 4015 tertia,
1495 3932 1596 4020 qnae
1626 3916 1676 3997 ‘de
1707 3914 1952 3997 umbrarum
1983 3937 2062 4001 co-

791 4024 944 4113 loribus
973 4036 1081 4141 agit‚
1124 4040 1246 4121 resert
1279 4040 1469 4147 primum
1505 4037 1666 4125 Auctor
1699 4040 2062 4150 obseruationem,

793 4150 1035 4265 Bfflonianas
1067 4163 1246 4251 snnilem
1278 4166 1333 4253 ast
1364 4192 1551 4273 nouam,
1583 4173 1693 4280 quod
1724 4174 1893 4275 umbrae
1913 4194 2062 4257 acan·

792 4279 878 4365 dela
911 4289 1063 4371 accersa
1078 4302 1082 4315 “
1097 4294 1330 4402 proiectae,
1358 4312 1546 4406 tempore
1582 4296 1804 4410 crepusculi
1854 4301 2063 4387 matutini

790 4428 864 4494 aut
895 4414 1148 4527 vespertini,
1184 4447 1266 4508 non
1308 4442 1434 4536 prout
1478 4428 1706 4537 exspectare
1752 4432 1807 4512 saa
1834 4428 2079 4537 uidetur,
2150 4502 2155 4507 .

790 4540 962 4652 nigrae,
1010 4546 1072 4633 sed
1101 4573 1312 4664 nunquam
1346 4578 1430 4646 non
1460 4548 1674 4669 eleganter
1695 4554 1902 4646 coerulere
1930 4560 2065 4645 inue-

1910 4711 1914 4717 .
1934 4711 2066 4779 Μ,

2232 2439 2235 2592 l

2232 2627 2235 2760 l
