4492 5809
800 542 893 656 ao
1052 526 1829 630 nnnurnocute

798 774 964 889 partibus
995 771 1179 858 diffradtis
1208 766 1335 857 ssellre
1365 766 1535 853 marinae
1569 766 1765 855 cundum
1808 768 2070 859 annunertui.

801 900 905 987 Cum
939 928 1035 988 vero
1065 901 1290 1011 complures
1323 898 1458 979 irarum
1494 894 1677 979 stellatum
1711 899 1850 981 dentur
1900 898 2077 1008 species,

629 1116 635 1125 ,
724 1044 727 1049 ’
799 1031 1059 1123 definiendum
1092 1030 1178 1129 erit,
1207 1028 1254 1109 nd
1286 1024 1746 1135 quamvcommodilltme
1776 1024 2070 1129 fintrelerrnda.

798 1156 896 1247 Mea
930 1160 1086 1267 quidem
1119 1152 1299 1235 sententia
1327 1157 1374 1235 ad
1406 1174 1467 1235 eas
1498 1153 1680 1261 proxime
1712 1156 1873 1265 pertinet
1911 1153 2071 1263 species,

800 1310 899 1395 quae
942 1285 1199 1393 pertendite,
1252 1280 1434 1363 linctinos
1465 1281 1703 1365 constituunt.
1739 1283 1764 1365 i.
1800 1304 1839 1363 e.
1873 1282 1922 1365 ad
1952 1284 2067 1367 ileliae

800 1416 972 1499 marinas
1003 1403 1390 1517 πολωακτίνοδας,
1427 1410 1572 1518 petiolo
1607 1408 1821 1515 infidentes,
1850 1432 1891 1493 et
1920 1408 2074 1519 scopulis

801 1540 848 1624 in
881 1539 998 1625 fundo
1031 1547 1146 1626 maris
1174 1542 1449 1639 adhaerentes,
1499 1532 1595 1625 Oiai
1645 1538 1818 1649 Magni,
1867 1538 2074 1653 Humi,
2139 1614 2141 1619 .

802 1689 843 1753 et
877 1664 1001 1769 Mylai,
1032 1690 1074 1751 et
1104 1670 1265 1779 quidem
1295 1668 1341 1751 ad
1377 1684 1500 1775 partes
1519 1664 1753 1781 petiolotum
1780 1690 1933 1771 catum,
1963 1672 2071 1779 quip-

800 1821 854 1909 pe
884 1776 1104 1907 quibustum
1137 1797 1287 1905 optime
1332 1793 1581 1876 conueniunt.
1633 1795 1637 1801 ’
1674 1790 1844 1903 Ideoque
1893 1798 1932 1879 in
1980 1794 2075 1906 lapi·

648 1930 669 2007 .'
799 1916 912 2007 dibus
958 1922 1092 2007 nostris
1142 1920 1354 2005 ttocltleatit
1405 1918 1578 2005 lamellae
1633 1940 1744 2007 entnt
1799 1922 2075 2007 attitulatione

801 2048 964 2173 erube,
998 2075 1093 2135 axes
1122 2074 1221 2133 uero
1249 2052 1457 2151 cauitates,
1487 2050 1653 2161 quibus,
1704 2050 1799 2135 dum
1832 2051 1979 2139 animai
2008 2054 2073 2138 ad·

801 2178 877 2279 but
915 2180 1092 2289 uiueret,
1134 2202 1271 2261 nerum
1303 2174 1490 2261 motorius
1520 2198 1699 2289 tanquam
1729 2179 1888 2287 vaginae
1922 2181 2039 2265 inerat
2050 2233 2065 2283 ,

801 2307 962 2390 materia
991 2306 1138 2416 lapidea
1170 2306 1349 2415 repletae.
1447 2302 1558 2387 Hane
1588 2308 1821 2415 opinionem
1855 2332 1937 2389 non
1965 2310 2069 2392 omni

770 2457 931 2541 ,catere
965 2434 1234 2541 probabilitate
1262 2433 1327 2514 rel
1359 2454 1410 2513 ex
1439 2454 1490 2513 eo
1519 2452 1653 2543 patet,
1696 2435 1797 2543 quod
1828 2433 1897 2546 ipsr
1931 2434 2072 2518 Trotlti

614 3546 699 3646 ‘sin
715 3554 792 3650 ltu.

642 3665 718 3771 Εἲς.
746 3700 780 3749 2.

803 2578 845 2643 et
876 2556 1065 2645 Eutroclri
1095 2584 1201 2647 mox
1230 2558 1426 2675 perforati²
1452 2584 1554 2648 mox
1584 2586 1684 2650 ueto
1712 2561 1823 2651 solidi
1852 2582 1895 2649 et
1941 2561 2076 2673 integri

804 2689 1057 2801 reperiantur.
1981 2722 1987 2735 ·

1238 2912 1240 2919 ’
1354 2888 1391 2990 5.
1458 2906 1535 2977 tt.

831 3134 838 3144 ·
953 3080 1179 3170 Dicendum
1214 3098 1312 3165 nunc
1343 3081 1468 3167 adhuc
1498 3083 1572 3166 erit
1601 3080 1650 3165 de
1678 3082 1948 3197 phaenonreno
1974 3108 2073 3196 ‹pto-

804 3213 895 3297 dam
928 3213 969 3297 in
996 3211 1186 3325 lapidibus
1212 3206 1432 3293 truculentis
1460 3211 1632 3315 quamuis
1654 3217 1771 3299 ratius
1787 3217 1932 3317 obui0‚
1964 3238 2077 3295 nem·

804 3356 856 3449 pe
886 3342 935 3425 de
968 3340 1157 3423 trochlear
1219 3332 1324 3421 Clar.
1357 3335 1571 3425 Schultzlus
1604 3340 1682 3425 eius
1708 3347 1955 3427 mentionem
1988 3338 2074 3424 fecit

805 3467 846 3547 tr
905 3484 1039 3567 aratu
1091 3464 1453 3586 gtididuftb'rbtu
1498 3464 1798 3593 &tribianum
1857 3476 1987 3557 Tom·
2039 3464 2073 3551 1.

806 3620 846 3704 p.
899 3616 1002 3708 ¹⁵5·
1045 3610 1085 3673 et
1124 3591 1288 3701 figuram
1327 3598 1404 3675 eius
1442 3592 1542 3676 Tab.
1583 3596 1683 3679 llll.
1721 3600 1789 3709 fig.
1828 3624 1867 3684 α.
1894 3625 1935 3681 e.
1969 3596 2079 3681 exhi·

805 3722 885 3806 bet.
983 3717 1089 3840 Quid
1140 3720 1187 3803 de
1216 3718 1291 3804 hoe
1324 3719 1598 3827 phaenomeno
1631 3722 1821 3833 sentiam,
1852 3726 1972 3839 paucis
2002 3748 2079 3807 ex·

804 3874 968 3963 ponam.
1066 3844 1229 3931 Videtur
1288 3842 1365 3931 elle
1412 3871 1543 3963 tamne
1587 3854 1720 3961 petioli
1770 3858 1811 3937 in
1862 3880 1912 3939 eo
1948 3850 2080 3937 tdhue

805 3980 960 4080 latens,
991 3974 1060 4086 qui
1088 4000 1178 4060 curn
1212 3993 1390 4085 tempore
1420 3977 1574 4062 foritau
1611 3985 1868 4086 excretuliet,
1922 4001 1969 4065 et
2007 4003 2078 4090 pe-

598 4080 602 4087 ’
702 4204 706 4211 ,
803 4100 983 4191 tresanus
1007 4102 1254 4188 Eottothutn
1284 4108 1477 4213 ramosum
1509 4107 1793 4220 constituillet,
1825 4112 1889 4194 uel
1922 4109 1980 4192 vti
2009 4102 2067 4191 G.

803 4230 1020 4346 Walchr‘ur
1050 4231 1154 4343 loqui
1181 4251 1326 4343 amat,
1359 4234 1524 4320 radicem
1558 4235 1749 4342 Enerini,
1786 4258 1827 4319 et
1861 4240 1956 4323 ideo
1981 4234 2074 4319 forte

740 4354 744 4359 ’
805 4381 884 4469 non
914 4360 1030 4470 plane
1059 4360 1265 4444 absurdum
1297 4362 1430 4465 foret,
1476 4364 1556 4448 hoc
1581 4386 1707 4475 genus
1734 4365 1865 4451 stellae
1905 4364 2081 4451 marinae

804 4507 897 4605 earn
926 4485 1051 4601 Elpeo
1073 4512 1154 4605 pro
1179 4488 1303 4605 specie
1333 4488 1474 4607 polypi
1510 4490 1687 4602 habere,
1725 4494 1782 4629 iel1
1802 4496 1914 4609 quod
1943 4514 2094 4706 mileu}
