4492 5809
440 549 1098 703 rann-enixis.
1321 520 1441 705 snas

136 789 390 907 paraliaxium
437 789 740 880 horizonraiium
794 793 876 897 idria
918 815 958 879 er
981 793 1081 889 olis
1111 792 1186 877 erit
1219 789 1266 877 ad
1286 784 1420 887 diffes
1545 784 1549 793 ’

139 926 302 1007 rentiam
352 921 604 1031 parallaxium
653 920 738 1021 idria
781 944 820 1007 et
851 924 941 1014 Olia
959 926 1010 1006 .in
1042 923 1178 1006 eadem
1213 919 1410 1004 artitudine

145 1049 255 1152 risa,
291 1058 335 1133 ut
369 1048 462 1133 finus
491 1068 594 1134 torna
623 1050 671 1133 ad
704 1052 872 1135 cofinum
913 1051 1016 1137 istius
1046 1050 1281 1160 altitudinis,
1315 1070 1411 1158 quae

141 1176 359 1287 propofitio
389 1177 591 1288 rnicuique
623 1179 805 1287 paraliaxi
832 1176 999 1286 fimplici
1034 1178 1245 1289 competit}
1279 1176 1338 1259 vri
1369 1188 1412 1261 et

142 1306 249 1414 prior
279 1304 495 1413 propositio
523 1329 575 1387 ex
590 1305 798 1415 posteriore
820 1303 929 1388 facile
946 1305 1093 1387 ostendi
1123 1304 1260 1414 potest.
1428 1313 1431 1329 '
1532 1382 1538 1393 .

242 1447 245 1453 ·
283 1432 323 1530 §.
356 1458 386 1511 r
394 1458 437 1533 9.
472 1432 672 1541 Expositis
702 1432 752 1517 fic
779 1433 919 1543 primia
956 1432 1238 1517 effcduuma
1287 1428 1414 1541 paral:

142 1556 225 1642 laxi
258 1558 582 1669 proficiscentium
617 1560 894 1665 lineamentis,
944 1584 1012 1645 eoa
1052 1584 1152 1643 nunc
1185 1559 1309 1667 magis
1337 1580 1413 1641 ex·

142 1684 287 1791 colere,
316 1705 357 1771 et
389 1688 438 1770 ad
472 1686 757 1772 iilustrarionem
799 1688 917 1772 nostri
963 1686 1125 1771 Veneris
1173 1706 1246 1796 per
1274 1678 1410 1768 Solem

140 1813 337 1900 “franfinrs
368 1816 669 1900 accommodare
697 1814 834 1897 licebit.
896 1815 1074 1900 Primum
1106 1835 1235 1896 autem
1269 1808 1413 1895 neceffe
1514 1915 1520 1927 ,

134 1944 224 2032 est.
254 1946 301 2027 rt'
331 1941 381 2033 de
393 1998 398 2005 -
400 1938 599 2052 ichemate
626 1944 711 2025 eius
731 1941 792 2026 nd
819 1954 984 2031 centrum
1023 1942 1200 2045 Terrae,
1234 1958 1414 2048 tanquam
1567 2012 1572 2023 „

140 2068 216 2155 baii
245 2094 319 2182 pro
355 2069 509 2180 reliquis
557 2068 937 2176 enumerationibus,
986 2072 1217 2179 cogitemus.
1299 2066 1415 2153 Hune

139 2195 181 2280 in
215 2194 334 2279 finem
367 2196 497 2280 referat
534 2196 654 2305 figura
690 2210 733 2282 8.
761 2196 864 2280 idem
897 2197 1084 2279 linearum
1117 2192 1290 2299 systema,
1311 2191 1416 2304 quod

140 2322 183 2407 in
216 2323 281 2428 fig.
298 2342 344 2420 7.
375 2322 486 2433 §pho
518 2346 644 2433 praec.
679 2320 935 2409 eonstrnstum
963 2316 1073 2428 init,
1105 2320 1282 2432 exceptis
1303 2319 1417 2403 tediis

142 2446 217 2532 rr
238 2510 251 2553 ,
273 2444 342 2558 sp
353 2444 395 2525 Ρ.
476 2444 715 2546 remigant
749 2442 888 2521 nenne
928 2446 1085 2547 penum
1117 2442 1224 2546 YZ,
1256 2470 1325 2551 per
1358 2404 1606 2575 re-”i’ss'ss

141 2575 248 2661 eiam
267 2568 353 2655 ΑΒ
384 2567 574 2672 trendens,
600 2582 645 2648 er
674 2563 723 2647 ad
755 2563 911 2673 pianrrm
942 2565 1155 2677 F‘clipticae
1188 2569 1247 2652 seu
1264 2567 1417 2655 chartae

140 2698 339 2806 normale,
373 2697 478 2782 euius
506 2716 593 2807 para
624 2692 791 2801 superior
823 2690 908 2778 ΥΒ
939 2692 1112 2798 boream,
1144 2695 1301 2781 inferior
1332 2688 1416 2783 ΑΖ

141 2830 309 2915 austrum
342 2825 526 2935 respiciat.
593 2815 810 2927 Spediatori
845 2823 884 2905 in
919 2822 962 2912 13
989 2824 1103 2934 plaga
1133 2823 1328 2910 orientalia
1361 2826 1416 2913 iit

141 2956 269 3040 uerius
299 2953 513 3060 sinistram,
542 2950 800 3043 occidentalis*
819 2950 943 3037 uersus
972 2951 1169 3041 dextram.
1239 2952 1416 3042 *Habea-

139 3100 208 3170 tur
240 3102 369 3169 autem
403 3081 558 3192 planum
589 3072 680 3166 YZ
713 3080 825 3167 instar
862 3083 974 3167 ualde
1015 3085 1177 3196 exiguae
1229 3084 1419 3193 portionis
1582 3106 1592 3123 ··

140 3208 351 3323 irperficiei
382 3208 621 3320 sphaericae,
672 3233 787 3318 qaum
839 3228 974 3297 centro
1001 3208 1029 3299 S
1060 3214 1167 3298 radio
1197 3206 1270 3298 SC
1318 3212 1418 3298 circa

138 3325 280 3426 Solem
314 3338 536 3449 descriptam
569 3336 770 3448 concipere
800 3339 918 3442 iicet,
950 3359 1027 3443 rt,
1076 3300 1155 3424 suff
1181 3340 1386 3451 hypothess
1402 3338 1423 3443 ·,'

139 3469 340 3552 Venerem
371 3467 583 3550 distantiam
618 3466 719 3549 mam
755 3493 776 3550 a
802 3462 902 3555 Sole
932 3488 1114 3578 ⁴tempore
1148 3468 1317 3553 transitur
1349 3474 1420 3575 pcr'

136 3594 279 3684 Solem
313 3595 528 3679 seniibiliter
557 3619 636 3678 non
668 3611 818 3678 mutare
839 3614 1019 3700 ,motus
1049 3596 1171 3677 centri
1205 3595 1290 3697 eris
1321 3591 1420 3693 ire·

136 3724 279 3811 larinus
308 3723 357 3807 ad
392 3719 524 3809 Solem
557 3723 802 3829 immotum)
836 3727 875 3808 in
907 3724 1016 3809 dido
1046 3723 1166 3830 piano
1206 3712 1304 3807 YZ
1354 3746 1414 3807 re·

136 3850 374 3965 praesentari¹
402 3850 517 3962 possit
547 3851 595 3935 ad
625 3850 786 3935 dudum
819 3852 947 3933 redire
980 3849 1116 3951 lineae,
1143 3865 1190 3929 rt
1220 3846 1303 3959 1E,
1321 3870 1416 3957 quae

135 3978 210 4064 iub
240 3978 368 4064 debita
400 3981 447 4064 ad
479 3978 711 4089 Eciipricam
747 3972 834 4061 AB
860 4036 873 4079 ‚
909 3975 1044 4057 itidem
1067 3974 1323 4076 remiliacum,
1343 3991 1418 4083 po·

134 4107 278 4193 fitione
304 4106 502 4217 spedinrori
532 4108 573 4190 in
603 4124 740 4191 centro
771 4106 918 4187 Terrae
943 4100 991 4183 'T
1039 4098 1221 4221 Semitam
1270 4103 1419 4189 Veneris

136 4248 393 4348 apparentem
423 4254 611 4345 exponar.
643 4230 691 4318 In
720 4234 867 4317 codem
887 4230 1005 4342 piano
1020 4230 1068 4313 ad
1086 4230 1315 4342 Eclipticam
1334 4224 1431 4315 ΑΒ

137 4364 192 4449 in
223 4357 261 4448 C
293 4362 605 4474 perpendicularis
633 4357 678 4447 rit
707 4355 779 4445 nC
811 4360 873 4445 'rel
904 4357 1022 4445 eCO
1072 4380 1224 4470 partem
1274 4356 1416 4445 redili-

137 4486 264 4574 n'eanr
293 4490 479 4575 exhibens
505 4488 637 4575 circuli
668 4488 878 4584 latitudinis
908 4490 948 4572 in
981 4487 1084 4573 dida
1120 4489 1299 4599 sphaera·
1324 4482 1417 4594 ra‘dii

134 4610 222 4713 SC
251 4643 325 4732 pro
355 4638 491 4707 centro
519 4614 623 4711 Solia
653 4621 694 4705 in
724 4614 761 4721 C
795 4620 879 4713 ‚riso
908 4640 931 4715 a
962 4618 1175 4732 speciatore
1205 4618 1247 4701 in
1279 4615 1331 4728 T,
1364 4618 1418 4699 ita

170 4816 174 4823 .
218 4817 224 4827 ,
610 4816 615 4824 ,
723 4743 860 4841 Sara
943 4790 948 4799 ·
1143 4822 1150 4838 x
1373 4758 1419 4827 rt
