4492 5809
410 486 1134 645 ‘cantananum
1353 576 1531 663 wa.

170 780 643 887 annuntiatorum,
689 784 757 870 uel
786 785 1025 893 secundum,
1072 783 1135 867 uel
1169 783 1350 893 tertium,
1382 784 1445 869 rel
1561 818 1565 825 ·

170 934 346 1027 quartum
380 935 450 998 etc.
519 911 586 999 Ex
616 938 694 1024 quo
724 915 964 1023 intelligitur,
992 912 1174 997 ratiffime
1208 914 1245 995 id
1278 912 1444 996 obtineri
1728 1018 1731 1025 ,

173 1043 314 1154 polle,
347 1060 392 1126 ut
422 1040 518 1125 ullus
553 1044 693 1127 hortun
727 1037 907 1164 sonomup
940 1066 1053 1150 purus
1083 1043 1239 1144 edatur,
1273 1065 1317 1123 ac
1349 1039 1449 1121 semt-
1538 1038 1546 1043 ’

174 1194 246 1281 pet
272 1170 351 1255 fere
383 1170 555 1259 eueniet.
585 1188 633 1255 vt
649 1166 994 1279 quomodocunque
1024 1168 1182 1253 annulus
1203 1170 1453 1278 percutiatur,
1618 1173 1623 1181 '

134 1298 302 1414 [plures
331 1298 413 1381 loni
444 1295 556 1382 limul
584 1296 831 1382 exaudiantur
842 1298 952 1407 ,qui
985 1316 1136 1380 tantum
1167 1296 1285 1401 abell,
1305 1317 1346 1378 vt
1366 1318 1451 1439 per·

174 1423 316 1515 sellam
349 1423 597 1509 harmoniam
630 1419 823 1522 celerant,
869 1443 915 1505 ur
947 1426 1073 1531 potius
1102 1422 1289 1507 interualla
1324 1425 1452 1507 maxi

176 1580 242 1641 me
272 1552 413 1640 diffona
446 1536 692 1636 constituant'
787 1550 896 1632 Inter
927 1551 1003 1671 hos
1033 1570 1163 1634 autem
1197 1551 1358 1634 diuersos
1392 1551 1452 1633 so

98 1716 105 1728 ·
176 1706 250 1765 noa
280 1679 406 1766 modo
436 1678 499 1764 alii
525 1664 670 1825 aliique
704 1676 971 1785 eminebunt,
1019 1696 1132 1823 prout
1171 1679 1349 1787 impulsio
1404 1682 1454 1765 ad

177 1812 366 1895 tationem
396 1809 606 1918 cuiuspiam
643 1810 722 1891 soni
755 1803 939 1915 fimplicis
972 1808 1130 1917 propius
1161 1802 1369 1898 accesserit
1403 1806 1453 1891 In

178 1959 335 2051 genere·
354 1957 484 2020 autem
520 1936 749 2020 vibrationes
778 1934 1072 2039 frequentiores,
1101 1935 1233 2039 quibus
1265 1930 1346 2017 soni
1365 1960 1450 2020 acu·

178 2075 294 2151 tiores
322 2061 574 2173 respondent,
606 2088 628 2147 a
661 2056 863 2145 resrstentia
892 2061 1001 2147 citius
1029 2062 1312 2169 extinguentur,
1344 2084 1455 2171 prae·

176 2195 293 2302 cipue
328 2190 353 2276 ir
387 2188 522 2299 perse
553 2191 693 2273 fuerint
726 2187 959 2295 debiliores,
1010 2206 1048 2269 at
1082 2192 1189 2269 lonus
1240 2192 1455 2301 principalis

177 2317 411 2429 grauissimus
457 2312 658 2402 diutiffrme
711 2311 890 2424 durabit,
954 2313 1178 2423 reliquisque
1226 2315 1454 2429 plerumque

177 2450 345 2534 multum
397 2443 607 2527 antecellet.
703 2442 788 2523 Vix
834 2462 961 2525 atatem
1006 2442 1159 2524 euenire
1201 2444 1376 2551 poterit,
1407 2465 1454 2531 ut

175 2574 289 2659 idem
324 2571 477 2654 annulus
507 2571 651 2677 saepius
681 2562 864 2677 impulsus
896 2566 1059 2712 eandem
1111 2568 1223 2680 piane
1273 2569 1454 2659 sonorum
1586 2670 1590 2679 ¹

176 2702 404 2789 mixturam
425 2694 622 2782 exhibeat.

323 2938 397 2997 20
443 2912 547 2999 Hinc
590 2912 809 3028 cuiusmodi
858 2911 972 3000 sonos
1009 2937 1228 3033 campanae
1261 2917 1461 3033 reddant,

179 3011 483 3160 quodammodo
508 3019 687 3151 colligere
721 3042 831 3148 licet,
861 3044 1166 3189 quandoquidem
1203 3066 1334 3130 mente
1351 3073 1455 3131 cam·

132 3224 136 3229 ‘
179 3196 302 3287 patrat
333 3171 373 3255 in
403 3170 623 3253 huiusmodi
658 3169 814 3253 annulus
846 3170 1018 3256 resolutas
1054 3173 1315 3287 concipimus.
1391 3180 1455 3260 Ac

176 3304 318 3449 primo
350 3298 509 3410 quidem
541 3296 783 3407 intelligitur,
815 3296 842 3381 st
873 3324 1012 3382 omnes
1049 3301 1111 3384 isti
1145 3300 1272 3384 annuli
1323 3299 1458 3387 fuerint
1566 3292 1569 3297 ’

147 3432 286 3516 inter
315 3428 351 3511 se
366 3424 587 3539 aequales,
620 3444 663 3507 ur
694 3423 817 3508 forma
850 3426 1005 3535 prodeat
1038 3428 1179 3512 trullae
1210 3412 1465 3537 cylindri'ca'e,

173 3554 401 3641 eandem(
395 3575 556 3637 ortorum
601 3554 789 3636 rationem
837 3552 910 3637 elle
962 3554 1167 3658 suturam,
1213 3580 1458 3669 quaecunque

173 3681 296 3776 fitetit
328 3702 540 3791 campanae
576 3678 763 3792 altitudo,
795 3700 1002 3791 propterea
1034 3688 1138 3793 quod
1168 3682 1301 3793 sruguli
1334 3686 1463 3771 annuli

163 3810 232 3899 ad
264 3832 373 3919 pates
403 3806 638 3892 vibrationes
667 3808 747 3889 suut
776 3808 960 3893 instrudii.
1045 3812 1196 3895 Verum
1226 3812 1329 3899 idem
1363 3840 1465 3923 quo.

160 3960 258 4043 que
292 3938 444 4019 euenire
474 3937 608 4041 debet,
641 3934 730 4020 licet
758 3939 884 4019 annuli
917 3938 1065 4021 tatione
1095 3936 1356 4047 amplitudinis
1385 3940 1461 4026 dif-

153 4066 334 4169 ferant,
380 4052 602 4149 dummudo
644 4063 807 4146 latitudo
856 4063 1089 4174 singulorum
1143 4066 1323 4176 quadrato
1362 4069 1460 4154 radii

151 4190 352 4306 ipsorum
385 4190 493 4277 fuerit
522 4189 835 4305 proportionalis.
931 4188 1085 4277 Scilicet
1115 4191 1143 4279 n
1174 4195 1300 4303 posito
1337 4200 1460 4283 cuius-
1523 4173 1527 4185 “

143 4342 255 4455 'que
286 4340 412 4425 annuli
446 4336 555 4424 radio
585 4358 692 4443 za,
722 4334 800 4419 eius
830 4338 996 4426 latitudo
1023 4338 1133 4423 suerit
1169 4326 1313 4451 sz'p'
1338 4408 1352 4456 ,
1386 4346 1462 4433 fia-

142 4467 263 4587 gutl
289 4464 418 4556 annuli
441 4464 499 4553 ’ad
528 4488 634 4582 parer
659 4468 770 4557 sonos
789 4468 1103 4702 1ttitielqldoaseruut
1152 4476 1462 4714 accommqtggqli,
