4492 5809
761 557 944 699 '442
1178 570 1295 667 nn
1359 554 1825 663 aurnuns!

856 815 887 905 li
917 813 1013 901 baar
1041 809 1282 923 comparatio
1310 803 1554 907 instituatur,
1603 794 1669 881 rel
1696 798 1801 885 enim
1838 794 1934 883 Diu
1956 787 1996 907 Φ
2021 819 2085 889 nn·

857 964 945 1033 tom
978 942 1065 1047 eil,
1098 958 1144 1025 nt
1174 942 1253 1023 eius
1285 936 1385 1021 ratio
1410 934 1460 1020 ad
1489 926 1640 1015 radium
1674 944 1798 1013 tmnae
1830 949 1900 1039 pro
1931 928 2085 1039 inaligna

858 1074 924 1161 bili
954 1070 1090 1155 haberi
1119 1085 1264 1179 queat,
1308 1084 1371 1149 aut
1402 1081 1616 1173 quanquam
1648 1052 1744 1163 haec
1775 1056 1871 1141 ratio
1898 1054 1939 1140 lit
1968 1060 2091 1167 affigur-

858 1202 978 1304 bilis,
1012 1217 1142 1281 tamen
1175 1194 1230 1279 est
1261 1189 1382 1275 adhue
1412 1190 1627 1275 admodum
1661 1207 1834 1294 magna,
1876 1188 2089 1307 rutundum

858 1331 962 1425 ratio
992 1324 1087 1413 haec
1119 1320 1167 1407 fit
1196 1321 1409 1407 admodum
1441 1338 1569 1430 parur.
1632 1311 1757 1399 Priori
1786 1314 1903 1415 casu,
1939 1334 2090 1403 comam

860 1455 990 1545 annuli
1017 1452 1182 1543 conici,
1228 1450 1485 1560 inperpnrur
1516 1446 1615 1551 ilia,
1663 1466 1759 1551 quae
1791 1440 1947 1553 globum
1987 1444 2090 1529 telluir

861 1584 991 1691 secar,
1022 1580 1132 1692 ipfius
1163 1579 1340 1692 portione
1372 1602 1455 1663 oon
1485 1577 1558 1661 erit
1585 1570 1784 1685 fruibilis,
1819 1570 1884 1655 sed
1913 1572 2020 1655 annuli
2041 1571 2089 1657 illa

861 1738 950 1829 para
1000 1735 1072 1824 pro
1106 1710 1217 1821 plana
1246 1706 1378 1793 haberi
1410 1704 1567 1816 poterit.
1968 1714 1971 1721 ⁴

1014 1838 1280 1942 Euoluamue,
1333 1852 1537 1944 antequam
1578 1828 1625 1915 ad
1673 1826 1832 1940 reliquos
1884 1827 2088 1937 musanus,

863 1967 965 2057 bunc
992 1966 1119 2053 calum
1153 1963 1273 2075 paulo
1305 1964 1496 2059 attentius.
1565 1953 1668 2045 Cum
1702 1959 1824 2045 hocce
1852 1954 1938 2041 casu
1962 1978 2089 2041 eumau-

863 2095 1105 2200 mannuli,
1153 2096 1194 2177 in
1225 2117 1270 2181 ea
1301 2108 1422 2203 parte,
1452 2114 1549 2202 quae
1579 2088 1746 2200 globum
1772 2086 1979 2173 terrestrem
2001 2086 2084 2187 irat,

863 2223 1009 2336 negligi
1039 2240 1184 2334 queat,
1234 2246 1311 2332 pro
1343 2218 1458 2331 plano
1490 2244 1559 2332 per
1588 2232 1648 2330 pq
1682 2212 1931 2324 uanseunte,
1966 2214 2000 2299 ad
2026 2213 2083 2326 plr-

864 2378 961 2437 num
993 2349 1124 2435 circrdi
1157 2350 1196 2433 T
1226 2347 1529 2460 perpendiculari
1557 2344 1688 2431 haber*
1704 2345 1862 2457 =potest.
1938 2340 2016 2427 luo
2037 2344 2085 2423 ira·

867 2502 943 2589 que
976 2478 1142 2580 omnia,
1192 2498 1287 2585 quae
1317 2479 1459 2559 eodem
1493 2482 1706 2559 momento
1725 2472 1946 2582 „planem
1970 2472 2002 2554 in
2026 2468 2089 2553 Soir

866 2605 1013 2691 discum
1043 2602 1368 2710 immersionem,
1415 2623 1477 2690 aut
1508 2626 1561 2685 ex
1591 2600 1675 2714 ipso
1705 2613 1960 2687 emersionem
1989 2597 2088 2707 runlpi

868 2733 1009 2839 ciunt,
1060 2734 1102 2816 in
1135 2728 1399 2815 intersectione
1430 2732 1574 2841 plani,
1620 2754 1710 2817 cum
1741 2730 1844 2839 globi
1884 2728 2035 2815 terrestris
2053 2726 2092 2807 lu

867 2858 1058 2973 perficio,
1105 2858 1198 2945 hinc
1228 2860 1269 2944 in
1302 2860 1449 2945 cirtulo
1481 2858 1685 2971 quodam,
1733 2861 1771 2941 in
1810 2848 1956 2945 telluris
1987 2851 2092 2965 ilperi-

868 2991 927 3076 eie
959 2988 1099 3093 dudo,
1130 2989 1197 3075 suta
1230 3006 1354 3073 erunt.
1417 2984 1650 3075 Admodum
1686 2986 1802 3096 igitur
1835 2986 1970 3095 facilis,
1992 3009 2023 3069 ar
2045 3004 2089 3065 er-

634 3119 639 3135 '
680 3097 1004 3229 &xlv-pediu
1035 3118 1106 3199 erit
1135 3116 1215 3202 hoc
1264 3116 1347 3203 casu
1393 3114 1643 3229 problematis
1691 3116 1806 3199 nostri
1863 3116 1990 3198 solutio.
2059 3107 2092 3193 Si

704 3202 777 3307 5¹⁸·
803 3236 839 3300 4·
872 3270 1018 3357 nempe
1051 3244 1210 3331 circulus
1240 3240 1401 3346 ADB,
1434 3242 1605 3354 defignet
1635 3242 1820 3327 circulum
1857 3244 1911 3353 T,
1937 3242 1988 3351 qui
2009 3242 2094 3321 iuter-

869 3374 1035 3459 sectione
1068 3374 1204 3481 plani,
1234 3397 1304 3483 per
1333 3369 1501 3480 Solem,
1533 3370 1698 3455 Terram
1731 3396 1777 3455 ac
1811 3371 1998 3457 Plancum
2023 3388 2097 3449 mn

870 3498 1028 3611 seuntin,
1045 3500 1151 3585 'cum
1185 3502 1349 3599 terrestri
1382 3502 1500 3613 globo
1533 3500 1781 3609 produnitur,
1818 3492 2098 3609 puudumiuper·

870 3626 975 3714 ficiei
1006 3629 1181 3713 terrestris
1213 3630 1268 3735 E,
1299 3656 1388 3715 curo
1422 3630 1570 3741 pundo
1601 3629 1647 3730 F,
1680 3630 1783 3739 quod
1817 3630 2012 3739 designatur
2047 3623 2101 3707 de·

870 3758 984 3844 mida
1016 3778 1070 3839 ex
1102 3756 1140 3843 E
1171 3759 1220 3842 ad
1253 3761 1410 3869 planum
1447 3754 1584 3843 ABD
1618 3756 1951 3868 perpendiculari,
1975 3752 2104 3835 immer-

870 3884 1018 3970 fiunem
1050 3884 1163 3969 suuul
1190 3888 1412 3998 conspiciet.
1493 3885 1565 3973 Nil
1591 3888 1719 3997 itapae
1748 3910 1847 3989 opur
1878 3884 1959 3987 est,
1997 3878 2052 3965 nii
2074 3894 2102 3957 u

869 4013 974 4099 teda
1004 4004 1084 4099 GF
1114 4037 1161 4095 ae
1194 4014 1274 4101 HF
1287 4078 1301 4125 ‚
1334 4016 1445 4100 litum
1475 4012 1604 4125 pundii
1638 4016 1683 4122 F,
1713 4014 1817 4125 quod
1869 4010 2004 4123 quouis
2040 4028 2100 4089 mo

873 4164 1010 4225 mento
1042 4140 1263 4248 pundoli
1313 4143 1548 4253 respondet,
1595 4142 1897 4227 determinantes
1945 4156 2100 4233 crurum,

871 4291 1078 4378 earumque
1111 4270 1261 4385 valeres
1285 4274 1326 4357 io
1358 4272 1467 4382 supra
1493 4270 1685 4355 euolutam
1725 4268 1938 4355 mrmnlam
1979 4258 2105 4349 intrudu-

870 4417 1015 4487 eantur.
1101 4396 1212 4483 Patet
1259 4422 1387 4485 aurem
1435 4400 1487 4487 ad
1532 4394 1611 4484 huc
1638 4400 1836 4513 negotium
1871 4390 2109 4509 perficiendum

869 4525 969 4641 nit,
999 4524 1169 4639 sequenti
1203 4530 1376 4617 ratione:
