4492 5809
659 622 661 625 ·
781 591 847 680 aa
1112 483 1668 686 renuenti

780 784 1042 902 annualium,
1076 819 1172 907 quae
1192 819 1250 882 ex
1279 789 1530 879 variabilitate
1574 783 1776 904 paretonii
1822 779 2048 899 aascmnu,

778 925 831 1010 ad
864 915 1091 1034 peculiarem
1122 919 1309 1012 calculum
1348 920 1586 1024 refttmmut,
1637 940 1755 1020 quem
1802 913 2053 1002 distinctionis
2111 1003 2115 1009 ,

777 1041 886 1138 caub
917 1052 1108 1142 Calcatum
1141 1053 1391 1142 variationem
1419 1045 1611 1159 appellare
1640 1043 1765 1130 liceat.
1827 1039 1952 1130 Cuius
1980 1067 2047 1132 ne·

781 1177 929 1267 cellitar
958 1182 1081 1267 adhuc
1112 1181 1248 1265 clariau
1273 1175 1550 1296 perspicietur,
1577 1175 1608 1260 li
1638 1173 1937 1286 perpendemus,
1967 1173 2051 1258 einr

782 1309 868 1394 tim
900 1307 1024 1395 midro
1049 1307 1158 1390 latias
1186 1321 1345 1417 patere,
1394 1327 1510 1415 quam
1543 1303 1592 1387 ad
1636 1301 1761 1388 solam
1810 1319 2048 1414 parametro·

780 1458 871 1520 rum
900 1433 1224 1543 terribilitatem,
1264 1455 1335 1544 qua
1366 1433 1435 1518 ctfi
1465 1430 1587 1516 lineae
1615 1451 1747 1516 cumae
1779 1431 1828 1518 in
1848 1427 2045 1520 infinitum

779 1552 1114 1674 multiplicantur,
1165 1585 1302 1648 omnen
1351 1577 1482 1646 tamen
1513 1559 1684 1670 'semper
1708 1557 1776 1642 iub
1807 1575 1916 1643 certo
1946 1581 2048 1668 quo·
2218 1587 2219 1590 ¹

779 1687 874 1776 dam
905 1713 1079 1810 genere,
1111 1692 1215 1802 quod
1247 1689 1383 1775 scilicet
1410 1688 1452 1772 in
1483 1688 1568 1772 elata
1598 1688 1821 1797 aequatione
1850 1686 2048 1773 conanen-

780 1835 873 1924 tur,
905 1818 1300 1931 comprehenduntur.
1381 1815 1566 1905 Nostrum
1600 1833 1730 1902 antean
1760 1814 1945 1902 calculum
1977 1837 2045 1900 va

693 2001 696 2007 ·
779 1943 987 2031 nationum
1019 1971 1098 2030 nnn
1129 1945 1252 2031 solum
1294 1944 1340 2031 ad
1391 1941 1609 2029 huiusmodi
1657 1966 1795 2054 genera
1842 1965 2044 2030 cumarum
2099 2015 2101 2019 ,

686 2077 697 2103 ‘
781 2070 1032 2155 determinata
1081 2074 1237 2159 extendi
1281 2074 1515 2171 conueniet,
1560 2070 1623 2156 sed
1671 2070 1789 2157 etiam
1829 2073 1876 2157 ad
1906 2095 2045 2157 omoet

778 2198 947 2285 omnino
975 2224 1139 2306 emeat,
1187 2223 1282 2313 quae
1311 2201 1468 2313 quidem
1500 2199 1659 2312 concipi
1704 2216 1872 2310 queant,
1922 2199 2043 2284 veluti

778 2323 935 2414 diriter
968 2327 1250 2440 omnes·plane
1283 2354 1413 2415 curuas
1461 2353 1507 2412 ea
1555 2327 1601 2412 lit
1648 2325 1894 2434 definienda,
1944 2351 2042 2438 quae

776 2450 865 2537 data
893 2458 1078 2565 quapiam
1126 2457 1294 2542 maximi
1344 2457 1544 2546 minimiue
1591 2457 1824 2568 proprietate
1867 2455 2040 2564 gaudeat.

777 2583 909 2689 Atque
942 2578 1017 2666 huc
1047 2586 1281 2670 referendum
1317 2587 1389 2670 erit
1428 2582 1756 2698 celebratilirmum
1806 2584 1900 2668 illud
1949 2607 2043 2693 pro·

777 2707 904 2791 blema
937 2700 1280 2828 isoperimetricum
1315 2711 1491 2799 latiffimo
1523 2716 1623 2796 sensu
1651 2730 1886 2824 acceptum,
1922 2731 2039 2822 prout
2216 2775 2217 2780 a

774 2833 815 2919 iti
847 2833 1002 2946 quidem
1034 2839 1076 2921 in
1122 2837 1223 2926 libro
1273 2839 1446 2951 singulari
1495 2838 1756 2950 pertractum-3
1806 2864 1921 2951 quem
1974 2840 2038 2950 qui
2214 2907 2215 2922 r

773 2976 917 3057 attente
945 2962 1108 3086 legerit,
1158 2991 1236 3052 noa
1267 2967 1481 3084 dubitabit,
1529 2969 1621 3078 quio
1650 2967 1760 3052 huius
1789 2965 1937 3077 generis
1982 2967 2050 3056 in.
2211 3049 2213 3084 Ν,

774 3090 1041 3205 instigationes
1071 3093 1205 3179 calculi
1242 3097 1403 3206 speciem
1442 3099 1587 3206 proclus
1636 3095 1859 3205 singularem
1911 3094 2036 3205 postu
2207 3146 2211 3174 .

772 3215 887 3322 lent,
940 3245 964 3303 a
1017 3213 1201 3306 confiteris
1228 3226 1438 3328 Analyleos
1468 3223 1599 3333 regulis
1628 3247 1711 3305 non
1745 3247 1880 3332 parum
1914 3223 2037 3308 diuet-

771 3343 867 3428 sam.
947 3344 1054 3441 Haec
1101 3350 1208 3442 enim
1260 3350 1496 3462 problemata
1543 3350 1590 3434 ad
1631 3349 1746 3434 talem
1781 3351 2034 3466 quaestionem

771 3468 1037 3579 reducuntur,
1077 3495 1123 3559 ut
1151 3477 1339 3570 eiusmodi
1373 3477 1545 3588 aequatio
1575 3480 1674 3562 inter
1704 3479 1808 3564 binas
1840 3478 2037 3562 variabiles

771 3619 804 3680 x
834 3618 872 3681 et
892 3625 926 3705 y
956 3599 1265 3710 determinetur,
1298 3629 1352 3689 ex
1380 3631 1453 3714 qua
1484 3603 1671 3716 expreffio
1699 3604 1899 3717 quaepiam
1933 3606 2037 3691 inte-

769 3722 884 3832 gralis
897 3716 1078 3836 sde,
1109 3733 1452 3842 quomodocunque
1483 3728 1527 3830 Z
1562 3757 1630 3843 per
1659 3757 1689 3816 x
1719 3753 1758 3819 et
1775 3761 1809 3840 y
1865 3758 2038 3845 compo·

769 3869 910 3970 natur,
962 3859 1187 3948 maximum
1229 3859 1302 3944 fine
1334 3861 1539 3954 minimum
1573 3862 1746 3946 valorem
1778 3863 2034 3972 consequatur.

766 3977 833 4062 ad
865 3980 1102 4069 uocantem
1136 3972 1384 4080 efficiendum
1418 3989 1562 4074 neceue
1609 3989 1694 4091 est,
1745 4009 1790 4074 ut
1840 3989 2034 4100 propofira

767 4101 992 4232 huiusmodi
1021 4112 1180 4197 formula
1201 4107 1358 4224 JZdr
1387 4138 1642 4233 quacunque,
1671 4141 1767 4226 quae
1799 4118 1952 4227 quidem
1978 4140 2035 4206 ex

767 4233 924 4317 allumta
955 4241 1082 4344 quanin
1109 4241 1295 4325 relatione
1328 4245 1428 4328 inter
1456 4269 1485 4328 x
1515 4263 1555 4327 et
1572 4270 1608 4346 y
1634 4243 1933 4329 determinatum
1964 4269 2035 4330 va·

767 4356 893 4440 iorem
927 4364 1122 4472 accipiat,
1170 4371 1209 4451 in
1245 4395 1381 4478 genere
1417 4369 1649 4478 definiatur,
1689 4387 1867 4481 quantam
1904 4392 2035 4460 muta·

767 4484 921 4626 tionem
953 4513 999 4575 ea
1030 4489 1264 4592 formula‘lit
1293 4497 1489 4615 subitura,
1539 4499 1673 4619 dipsa
1704 4499 1838 4590 relatio
1869 4493 1972 4592 inter
2005 4528 2034 4594 x

1992 4649 2034 4718 et
