4492 5809
268 574 271 579 ι
357 499 1309 615 uauuuntm'ntfflomuu
1402 503 1464 632 'ea
1599 599 1605 610 ·

200 732 366 856 ipsamm
398 759 431 831 a
459 764 498 830 et
527 761 558 830 a
586 735 740 856 spatiani
772 732 902 852 solet,
943 759 995 829 ex·
1024 745 1134 834 onina·
1152 737 1474 844 differentiatione

199 873 282 958 talia
308 861 431 958 torm
461 864 873 988 dyzpda÷qda
899 896 1095 984 emergere·
1124 878 1361 992 concipitnr‚-
1385 903 1469 970 tum

198 1014 295 1086 aero
338 1003 557 1112 perueniant·
605 1003 653 1087 ad
704 1002 800 1086 hanc
855 1005 1118 1114 aequationem
1154 1001 1467 1094 differentium:

196 1121 820 1244 dx·(a÷pp)÷pqda:0,
849 1119 987 1214 liueau
1004 1129 1124 1217 hanc:
1148 1134 1471 1248 dx†pay:o,

194 1269 244 1340 ex
295 1269 369 1365 qna
419 1277 512 1343 cum
563 1260 627 1341 illa
672 1245 874 1355 coniunsia
924 1272 1184 1368 panametrum
1215 1279 1246 1348 a
1276 1264 1464 1354 eliminari

192 1401 387 1494 oportet,-
435 1400 477 1468 vt
525 1384 699 1470 eliciatur
748 1383 923 1494 aequatio
954 1387 1053 1468 intea
1085 1401 1114 1469 a
1146 1411 1185 1471 et
1203 1411 1255 1498 y,
1286 1409 1462 1478 naturam

188 1536 331 1598 cumae
375 1502 562 1624 quaesitae·
603 1511 842 1620 exprimens.
940 1506 1295 1629 Quandoquidem
1328 1545 1462 1605 toruae

188 1639 373 1736 scantiae,
416 1659 487 1750 per
529 1639 796 1750 aequationem
846 1632 1097 1744 algebraicam
1147 1643 1251 1726 inter
1297 1657 1331 1728 κ·
1370 1666 1463 1752 ety

184 1769 361 1877 danim,
407 1794 468 1854 rea
496 1766 633 1852 nnlam
662 1765 777 1852 habet
814 1763 1117 1873 difficultatem,
1154 1783 1246 1852 cum
1274 1769 1364 1854 inde
1395 1792 1462 1856 va·

183 1890 251 1979 lor
282 1895 394 2005 ipfins
410 1914 446 2001 y·
477 1895 646 1980 absolute
673 1913 747 2004 per
771 1907 805 1980 a‘
833 1911 874 1978 et
903 1913 933 1980 a'
963 1883 1146 2002 definiti,
1198 1895 1361 2010 indeque
1391 1919 1465 2010 per

181 2013 551 2130 differentiationem
606 2017 756 2107 valonea
799 2021 1012 2108 litterarum
1052 2038 1083 2136 p
1135 2042 1174 2109 et
1224 2038 1255 2136 q
1292 2025 1464 2136 assignati

181 2165 357 2261 queant,
408 2151 513 2234 vnde
561 2154 741 2261 aequatio
766 2149 1027 2234 differentialis
1057 2152 1160 2234 inter
1186 2149 1279 2236 duas
1311 2172 1465 2244 tantum

178 2280 385 2362 variabiles
413 2295 445 2363 x
473 2293 573 2361 eta
618 2280 848 2390 obtinetnr;
899 2297 1036 2364 verum
1086 2269 1115 2362 fi
1164 2281 1340 2390 aequatio
1386 2301 1463 2391 pto

175 2394 312 2490 cnr'uie
337 2403 500 2490 secandis
532 2406 609 2516 ipsa
642 2407 717 2491 iam
749 2407 796 2492 sit
827 2395 1118 2511 differentialis,
1152 2417 1461 2516 parametruma

176 2550 225 2616 ut
259 2537 514 2644 quantitatem
547 2527 784 2618 constantem
817 2535 1055 2644 inuoluens‘,
1089 2549 1181 2642 quae
1213 2535 1360 2620 idcirco
1387 2537 1461 2620 erit

167 2656 298 2744 huius
346 2661 501 2744 formae
539 2650 786 2771 -dyzpdx,
832 2664 892 2744 sen
934 2651 1171 2770 yzspdx
1204 2682 1293 2746 ante
1323 2658 1458 2746 omnia

166 2781 397 2894 inuestigari
430 2802 621 2893 oportet,
672 2787 773 2869 cuius
818 2786 929 2872 modi
978 2785 1155 2896 aequatio·
1206 2781 1463 2874 diffitentialis

164 2915 377 3027 proditura
408 2914 527 3012 esset,
568 2911 594 2996 fi
626 2932 780 3020 praeter
805 2929 839 3000 x
868 2912 985 2994 etiam
1018 2927 1284 3022 parametera
1314 2933 1358 3000 vt
1385 2931 1458 3002 va-

162 3041 324 3126 riabilia
352 3041 561 3150 statuatur,
608 3052 652 3120 vt
683 3039 772 3122 inde
803 3041 987 3146 quantitas
1014 3053 1043 3149 q
1070 3040 1309 3154 innotescat;
1359 3059 1466 3154 quae.

159 3168 419 3276 inuestigatio
448 3149 558 3274 saepe
590 3166 766 3250 maxime
798 3154 844 3248 fit
872 3151 1069 3287 difficilis,
1127 3185 1239 3276 atque
1270 3171 1367 3256 adeo·
1397 3172 1453 3255 vi«

159 3317 230 3384 ree
263 3294 482 3402 Analyseoa
510 3285 683 3403 seperare
714 3291 876 3378 videtur.
974 3289 1138 3374 Etiamsi
1166 3312 1296 3410 antem·
1352 3289 1456 3380 ratio
1567 3381 1572 3390 ,

159 3425 289 3510 huius
323 3422 616 3532 inuestigationia
643 3443 697 3503 ex
724 3419 810 3504 lolia
842 3416 973 3514 calculi
1004 3415 1263 3504 differentialis·
1310 3413 1451 3530 princi·

156 3553 247 3664 piis
274 3552 329 3636 fit
355 3553 552 3660 petenda,
601 3567 730 3632 tamen
760 3547 802 3634 in
832 3545 909 3658 ipsa
942 3538 1172 3632 trasiatione
1201 3546 1335 3658 ingens
1376 3541 1451 3636 sta-

153 3685 242 3766 tim
281 3681 456 3766 cemitut
480 3675 715 3787 discrimen3
748 3693 947 3787 propterea
978 3675 1111 3785 quod,
1141 3695 1230 3760 cum
1262 3667 1450 3762 differen-

148 3808 291 3894 tiatio
321 3807 511 3891 ordinaria
536 3801 629 3890 nulii
660 3801 873 3888 difficultati
904 3802 1020 3885 soleat
1046 3795 1119 3886 else
1152 3799 1348 3906 obnoxia,
1385 3795 1450 3886 hic

145 3955 252 4024 tota
290 3925 496 4020 difficultas
509 3933 569 4016 „in
598 3933 819 4018 inuentione
846 3929 1150 4015 differentialium
1190 3946 1244 4038 ea
1288 3928 1449 4012 variabi-

143 4067 277 4152 litate
316 4061 521 4170 parametri
552 4060 797 4146 oriundotum
829 4045 1016 4161 refideat,
1067 4053 1233 4165 haecque
1261 4049 1340 4165 ipsa
1391 4051 1447 4139 in·

143 4191 309 4278 ventio
344 4184 543 4299 singulares
571 4186 719 4298 regulas
748 4186 926 4298 requirat.
1006 4183 1137 4300 Quam
1167 4181 1223 4266 ob
1249 4203 1333 4266 rem
1366 4206 1447 4268 non

139 4343 325 4431 praeter
360 4310 614 4432 neceffitatem
647 4313 773 4426 partes
803 4311 1017 4420 Analyseoa
1057 4301 1297 4394 infinitorum
1349 4307 1448 4398 mul·

139 4445 337 4562 tiplic'ari
369 4442 624 4554 videbuntur,
668 4439 1058 4550 fiinneiligationem
1091 4436 1307 4526 huiusmodi
1337 4437 1446 4554 diffe·
1560 4469 1563 4476 ⁴

822 4561 926 4676 Ga
1306 4567 1451 4656 nentia·
