4492 5809
816 628 955 735 ῳ,
1142 610 1777 709 onnrrncru

623 828 817 947 ΤΜΝ·
969 843 1029 937 Sit
1045 848 1169 955 ittque
1187 845 1347 935 citruinr
1362 846 1423 965 ns
1419 862 1448 959 p
1472 842 1690 929 interfectio
1708 844 1834 956 pinni,
1861 867 1940 956 per
1959 832 2115 953 Solon,

647 936 723 1027 Frg.
755 948 790 1019 ⁸·
816 973 1041 1079 Pinnetem,
1071 971 1307 1083 'seriemque
1339 976 1587 1075 transeuntis,
1622 996 1712 1057 cnm
1745 974 1871 1081 globo
1906 972 2115 1065 terrestri,
2216 1012 2217 1051 r

779 1153 786 1160 ·
814 1106 930 1217 suque
980 1120 1042 1219 pq
1091 1102 1284 1215 proiedito
1314 1099 1445 1185 circuli
1476 1100 1540 1187 hie
1572 1099 1803 1186 describendi
1834 1098 1873 1181 in
1909 1098 1996 1186 hoc
2027 1102 2112 1213 plr-

813 1258 924 1316 num.
1012 1233 1081 1319 Ex
1111 1250 1247 1314 centro
1275 1230 1303 1315 b·
1328 1232 1376 1314 nd
1408 1228 1552 1315 norm
1579 1242 1669 1342 pq,
1700 1228 1811 1313 uuna
1843 1232 2112 1341 perpendicu-

813 1356 882 1445 lnri
914 1362 1031 1464 brm,
1063 1360 1133 1445 erit
1164 1360 1353 1468 pontium
1386 1384 1444 1461 nr,
1477 1357 1590 1442 Polus
1629 1358 1695 1441 hic
1744 1356 1942 1466 qunefitus.
2041 1360 2107 1447 Vt

812 1488 926 1599 igitur
955 1491 1032 1577 hoc
1065 1486 1251 1601 pundium
1281 1488 1588 1593 determinetur,
1619 1484 1889 1597 inoestignudrrs
1921 1487 2001 1573 erit
2030 1514 2106 1573 ou·

813 1622 919 1728 guius
948 1622 1049 1733 bnp.
1150 1614 1292 1729 Liquet
1323 1641 1452 1725 uero,
1501 1640 1593 1701 tum
1637 1613 1741 1697 recta
1788 1630 1846 1727 qp
1893 1614 2107 1704 definiente

815 1752 1071 1859 aequatione:

816 1903 2098 2033 (D-2n)iin.d-u(D-u)fin.(<i>÷d)ssqttc0i(<b†-d):o.

813 2096 898 2181 fore
935 2095 1199 2209 tangdnp:
1219 2055 1634 2216 fflffi‘ffiffisfffissfl
1647 2144 1660 2197 ‚
1697 2065 1755 2177 ⁸et
1800 2116 1890 2177 tum
1940 2094 2092 2205 ungulus

811 2226 918 2339 tubf
948 2228 992 2308 su
1039 2224 1149 2335 ipsius
1188 2216 1277 2330 bnp
1326 2225 1703 2333 complementum,
1752 2216 1829 2305 eise
1879 2218 2097 2341 ungaros

812 2328 1283 2490 εῃῗῑὲ-ΪῙ-ᾗξῇφδξῃ
1383 2364 1559 2479 Cognito
1608 2370 1725 2477 igitur
1777 2366 1920 2475 ungulo
1964 2368 2094 2477 urbs,

812 2498 899 2601 rou
947 2499 1011 2577 hic
1063 2500 1217 2605 quaesrti
1255 2493 1429 2577 distantia
1495 2520 1519 2578 a
1556 2493 1700 2605 punito
1717 2491 1767 2605 s,
1804 2496 1866 2577 cui
1900 2490 1970 2579 Sui
2000 2496 2091 2579 dnto

812 2644 1023 2711 momento
1057 2623 1250 2705 verticalis
1281 2621 1335 2703 est
1353 2676 1365 2727 ‚
1399 2646 1508 2707 arcus
1539 2647 1685 2732 nempe
1705 2624 1805 2737 sm,
1838 2622 1950 2709 fimul
1980 2628 2093 2707 irruo·
2216 2728 2217 2731 Ν

812 2754 932 2839 tescit.
998 2747 1260 2835 Determinnri
1290 2752 1470 2861 equidem
1518 2750 1598 2835 inm
1650 2750 1808 2860 potest,
1857 2752 1955 2835 dato
2006 2776 2093 2837 tren

659 2956 663 2961 ,
797 2882 903 2997 sm,
936 2878 1047 2963 loeus
1077 2881 1212 2990 poncii
1246 2904 1306 2979 m,
1339 2904 1428 2963 cum
1461 2901 1593 2961 nutem
1625 2902 1695 2961 nec
1728 2880 1768 2963 in
1799 2876 1957 2988 sphaera
2006 2880 2092 2965 urti-

809 3008 963 3117 fieirli,
1013 3033 1084 3092 nec
1121 3012 1160 3092 in
1192 3006 1435 3120 proiectione
1466 3005 1572 3113 globi
1604 3005 1786 3090 terrestris
1817 3008 2094 3119 stereogrnphi·

810 3162 881 3241 eu,
932 3162 1005 3246 qun
1055 3136 1318 3222 communiter
1367 3136 1424 3219 uti
1459 3132 1651 3229 solemus,
1699 3132 1806 3217 fertile
1837 3136 2090 3219 determinate

808 3264 920 3351 licem
953 3264 1141 3374 punitum
1172 3250 1399 3374 quoddam,
1448 3261 1516 3347 nin
1547 3286 1619 3372 per
1650 3262 1777 3347 dutum
1810 3262 1921 3371 ipfins
1967 3266 2091 3373 longi·

809 3394 983 3477 tudinem
1017 3413 1057 3476 et
1087 3394 1352 3497 ntrndinem,
1385 3410 1429 3471 ut
1463 3415 1538 3501 pro
1568 3388 1664 3474 Polo
1695 3388 1763 3474 hic
1793 3390 1962 3502 quaeum
1994 3392 2091 3477 haec

642 3524 718 3631 rig.
750 3559 785 3632 9.
809 3519 1113 3604 determinemus
1144 3514 1296 3602 necetie
1329 3519 1394 3600 eii.
1470 3515 1528 3605 Sit
1561 3519 1677 3627 igitur
1710 3517 1851 3603 Terret
1881 3518 1992 3604 Polus
2025 3522 2091 3605 bo

807 3668 892 3733 reus
919 3647 958 3728 in
992 3644 1033 3747 P,
1063 3646 1280 3754 pundinm,
1309 3645 1372 3727 cui
1406 3641 1474 3729 Soi
1506 3644 1725 3751 verticulis,
1759 3648 1798 3729 iu
1831 3646 1886 3751 E,
1914 3664 1954 3729 et
1982 3672 2093 3756 pun-

808 3772 948 3879 unm,
982 3773 1094 3856 cuins‘
1114 3773 1393 3881 longitudinem
1426 3776 1738 3881 latitudinemque
1768 3776 2014 3884 quaerimus,
2046 3780 2093 3863 itt

799 3919 860 4021 p,
890 3926 935 3985 ae
967 3900 1240 3985 transeuntibus
1271 3900 1421 3983 circulis
1451 3903 1629 3984 maximis
1660 3924 1730 4010 per
1760 3902 1860 3989 haec
1889 3904 1959 3987 trio
1991 3930 2091 4016 pun·

805 4030 900 4126 8ο,
947 4032 989 4111 in
1021 4032 1214 4139 triangulo
1247 4026 1445 4138 sphaerico
1481 4028 1607 4142 Pup,
1650 4028 1855 4121 eximere
1890 4032 1953 4145 Pp
2009 4036 2091 4117 itti·

745 4142 756 4167 ⁸
808 4156 937 4263 tude,
971 4182 1015 4243 tc
1046 4182 1098 4241 ex
1132 4156 1273 4267 angulo
1306 4156 1416 4271 EPp
1449 4156 1653 4267 longitudo
1683 4162 1811 4269 pontii
1838 4176 1871 4273 p
1905 4164 2085 4247 ducturi-

805 4302 933 4369 uttur.
1016 4279 1185 4394 Cognita
1217 4303 1347 4367 nutem
1379 4286 1459 4367 suut
1510 4287 1548 4369 in
1597 4282 1673 4371 hoc
1724 4289 1919 4399 triangulo
1978 4292 2093 4377 intem

793 4413 907 4525 Ep,
958 4413 1062 4521 qnod
1112 4412 1238 4496 modo
1288 4413 1510 4523 inuestigare
1560 4415 1789 4521 docuimus,
1842 4436 1964 4526 atque
2012 4422 2101 4525 PE,

803 4540 911 4655 quud
942 4562 1000 4625 ex
1031 4538 1186 4627 theutin
1218 4534 1320 4627 Solis
1350 4538 1460 4627 facile
1491 4540 1703 4627 innotescit.
1756 4542 1846 4643 Nec
1881 4549 2020 4638 minus
2048 4550 2109 4637 fi.

2036 4682 2112 4767 tile
