4492 5809
422 566 529 671 ΙΝ
583 565 825 669 SO-ZE
884 571 1122 671 ΗΒΑ.
1311 584 1400 684 4⁸¹

448 800 514 890 laic
542 805 580 888 b
609 798 825 913 offerebat,
864 806 966 920 quod
997 802 1177 889 endam
1209 800 1409 891 conradet
1569 864 1571 869 ·

444 936 695 1043 memorati,
746 936 918 1048 relpedlu
968 931 1166 1019 momenti
1216 933 1409 1044 temporit

444 1054 709 1173 respondentia
724 1054 748 1171 ,i
781 1061 1087 1150 aestimationem
1126 1060 1241 1147 rnlde
1281 1061 1410 1173 irnpe-

444 1190 593 1275 diebat.
686 1185 807 1278 linea
842 1212 987 1304 nempe
1027 1188 1220 1308 prandidit
1251 1187 1411 1297 lucida,
1519 1218 1524 1225 ·

446 1342 545 1431 quun
574 1316 814 1427 longitudine
845 1318 1025 1407 nonnihil
1054 1320 1186 1405 minor
1225 1317 1410 1403 cerneba-

442 1462 652 1560 tunquam
682 1447 872 1536 diameter
902 1446 992 1533 disti
1024 1445 1187 1533 Veneris
1214 1446 1264 1531 ad
1295 1446 1597 1539 Vre-Tabxl'l

340 1648 346 1657 .
445 1576 702 1686 pnesentati,
742 1574 854 1661 lruina
882 1572 1010 1661 limbo
1038 1574 1266 1659 occidentali
1297 1574 1406 1659 inllar
1428 1561 1500 1667 l'ig.
1525 1586 1564 1640 2·

444 1703 635 1815 tangentia
666 1702 726 1791 ab
753 1700 1014 1812 adhaerebat,
1052 1700 1138 1798 lic,
1173 1718 1218 1784 rt
1249 1700 1409 1813 abrupta

442 1832 549 1943 quafi
577 1831 906 1916 continuationem
936 1830 1107 1941 reliquae
1146 1825 1252 1913 Solis
1306 1827 1409 1941 peri·

443 1957 635 2070 photiae,
685 1958 792 2044 cuius
828 1982 915 2071 pan
953 1959 1002 2043 ad
1039 1952 1125 2041 AB
1176 1952 1408 2055 exhibetur.

442 2110 547 2170 nnnc
577 2108 656 2170 non
686 2084 870 2189 referret,
904 2082 965 2171 sed
993 2084 1135 2169 limbus
1165 2080 1324 2169 Veneris
1339 2106 1408 2170 oc-

438 2212 638 2301 oidentalis
666 2212 928 2325 peripheriam
959 2209 1082 2317 Solis,
1108 2210 1331 2331 pauxillum
1365 2210 1411 2295 li-

437 2340 1110 2565 mmmmm
1136 2334 1412 2567 illidi?

443 2581 600 2677 Scilicet
635 2599 748 2669 extra
786 2578 920 2672 Solem
960 2580 1049 2668 disci
1089 2580 1247 2668 alicuius
1290 2586 1412 2695 nigri·

443 2714 566 2801 cantis
594 2728 777 2825 partem,
816 2735 915 2825 qnae
951 2711 1121 2798 notabile
1151 2710 1240 2796 disci
1279 2709 1412 2797 Vene.

444 2843 498 2929 ris
527 2840 763 2953 segmentum
795 2838 1075 2950 aemulabatur,
1105 2840 1145 2923 in
1178 2840 1249 2925 srtn
1283 2862 1412 2952 oppo-

443 2966 858 3058 moruncurten
884 2970 1119 3076 credebam,
1163 2970 1252 3078 ita,
1289 2987 1333 3055 ut
1364 2966 1411 3053 ll·

446 3120 520 3183 nea
550 3097 672 3185 lucida
703 3096 785 3208 ab,
802 3097 915 3187 inllat
951 3098 1147 3212 tangentis
1173 3098 1411 3209 communis,

437 3224 515 3313 ritu
544 3225 806 3339 peripheriam
839 3245 882 3313 et
912 3230 1130 3340 marginem
1161 3224 1324 3312 Venetis
1340 3248 1410 3311 oc·
1474 3320 1477 3325 ,

444 3353 676 3442 ridentalem
707 3356 905 3468 separaret.
998 3353 1287 3465 Nonnunquam
1319 3353 1410 3439 locu

445 3482 637 3595 segmenti
667 3486 717 3571 ad
764 3482 830 3592 D,
877 3481 985 3567 festia
1037 3484 1260 3591 nigricans,
1312 3502 1408 3591 quae

443 3608 643 3698 latitudine
673 3611 903 3697 diametrum
937 3607 1025 3695 disti
1063 3608 1231 3693 Venetis
1270 3630 1411 3717 aequa·

445 3738 546 3853 bat,
584 3738 636 3825 lic
663 3738 993 3851 conspiciebatur,
1039 3761 1084 3821 ac
1117 3735 1146 3821 fi
1177 3736 1291 3820 discus
1324 3732 1410 3820 Ve-

446 3866 550 3950 neria
580 3865 779 3978 umbram,
795 3868 967 3950 tenninir
999 3860 1189 3971 parallelis
1221 3887 1408 3972 compre·

446 3992 621 4102 betulam,
634 4013 743 4079 extra
772 3990 915 4078 discum
947 3984 1050 4075 Solis
1081 3986 1314 4097 proiiceret,
1347 3990 1408 4072 io·

444 4121 601 4208 terieda
631 4140 765 4225 tamen
795 4119 843 4204 ad
875 4115 934 4201 ab
964 4114 1121 4202 lineola.
1200 4114 1407 4202 Fullonium

441 4247 540 4333 rilu
575 4249 655 4335 hoc
690 4243 1008 4358 phaenomenum
1040 4244 1222 4329 denotare
1254 4243 1407 4355 quisque

443 4372 515 4461 fibi
544 4374 788 4489 persuadebit.
852 4376 1017 4461 Interim
1052 4390 1184 4460 tamen
1203 4370 1298 4459 illud
1316 4395 1407 4485 prr·

445 4502 607 4593 durabat
636 4527 755 4619 usqne
785 4504 835 4593 ud

192 4641 872 4804 meeNMmW
964 4642 1084 4761 Ppp
1219 4772 1220 4775 Ν
1338 4668 1403 4746 9·
