<?xml version="1.0" encoding="UTF-8"?>
<!DOCTYPE html PUBLIC "-//W3C//DTD XHTML 1.0 Transitional//EN"
    "http://www.w3.org/TR/xhtml1/DTD/xhtml1-transitional.dtd">
<html xmlns="http://www.w3.org/1999/xhtml" xml:lang="en" lang="en">
 <head>
  <title>
</title>
<meta http-equiv="Content-Type" content="text/html;charset=utf-8" />
  <meta name='ocr-system' content='tesseract 3.04.00' />
  <meta name='ocr-capabilities' content='ocr_page ocr_carea ocr_par ocr_line ocrx_word'/>
</head>
<body>
  <div class='ocr_page' id='page_1' title='image "./novicommentarii09sssrgoog_0061.png"; bbox 0 0 4492 5809; ppageno 0'>
   <div class='ocr_carea' id='block_1_1' title="bbox 468 608 1456 781">
    <p class='ocr_par' dir='ltr' id='par_1_1' title="bbox 468 608 1456 781">
     <span class='ocr_line' id='line_1_1' title="bbox 468 608 1456 781; baseline 0.008 -50"><span class='ocrx_word' id='word_1_1' title='bbox 468 722 470 731; x_wconf 81' lang='grc'>,</span> <span class='ocrx_word' id='word_1_2' title='bbox 615 622 732 781; x_wconf 45' lang='lat' dir='ltr'>&amp;his</span> <span class='ocrx_word' id='word_1_3' title='bbox 762 608 781 751; x_wconf 85' lang='lat' dir='ltr'>l</span> <span class='ocrx_word' id='word_1_4' title='bbox 812 654 841 719; x_wconf 85' lang='lat'>0</span> <span class='ocrx_word' id='word_1_5' title='bbox 876 624 893 750; x_wconf 86' lang='lat' dir='ltr'>s</span> <span class='ocrx_word' id='word_1_6' title='bbox 926 633 1044 743; x_wconf 65' lang='lat' dir='ltr'>ste«</span> <span class='ocrx_word' id='word_1_7' title='bbox 1095 664 1108 727; x_wconf 69' lang='lat'>‚·</span> <span class='ocrx_word' id='word_1_8' title='bbox 1392 637 1456 739; x_wconf 77' lang='lat'>‘55</span> 
     </span>
    </p>
   </div>
   <div class='ocr_carea' id='block_1_2' title="bbox 194 824 1461 979">
    <p class='ocr_par' dir='ltr' id='par_1_2' title="bbox 194 824 1461 979">
     <span class='ocr_line' id='line_1_2' title="bbox 194 824 1461 979; baseline 0.006 -31"><span class='ocrx_word' id='word_1_9' title='bbox 194 824 423 975; x_wconf 76' lang='lat' dir='ltr'>disqulhtio</span> <span class='ocrx_word' id='word_1_10' title='bbox 455 883 531 972; x_wconf 91' lang='lat' dir='ltr'>pro</span> <span class='ocrx_word' id='word_1_11' title='bbox 557 884 659 951; x_wconf 77' lang='lat' dir='ltr'>uoto</span> <span class='ocrx_word' id='word_1_12' title='bbox 692 864 735 947; x_wconf 90' lang='lat' dir='ltr'>in</span> <span class='ocrx_word' id='word_1_13' title='bbox 769 866 827 949; x_wconf 83' lang='lat' dir='ltr'>eis</span> <span class='ocrx_word' id='word_1_14' title='bbox 860 866 1085 977; x_wconf 73' lang='lat' dir='ltr'>petresrslis</span> <span class='ocrx_word' id='word_1_15' title='bbox 1117 862 1323 971; x_wconf 83' lang='lat' dir='ltr'>strccessrt,</span> <span class='ocrx_word' id='word_1_16' title='bbox 1354 890 1461 979; x_wconf 89' lang='lat' dir='ltr'>quo·</span> 
     </span>
    </p>
   </div>
   <div class='ocr_carea' id='block_1_3' title="bbox 171 990 1553 3045">
    <p class='ocr_par' dir='ltr' id='par_1_3' title="bbox 171 990 1553 3045">
     <span class='ocr_line' id='line_1_3' title="bbox 196 990 1464 1109; baseline 0.006 -36"><span class='ocrx_word' id='word_1_17' title='bbox 196 1015 296 1093; x_wconf 82' lang='lat' dir='ltr'>rum</span> <span class='ocrx_word' id='word_1_18' title='bbox 330 990 557 1098; x_wconf 78' lang='lat' dir='ltr'>originalia</span> <span class='ocrx_word' id='word_1_19' title='bbox 590 1020 642 1079; x_wconf 91' lang='lat' dir='ltr'>ex</span> <span class='ocrx_word' id='word_1_20' title='bbox 675 1016 803 1101; x_wconf 87' lang='lat' dir='ltr'>tegno</span> <span class='ocrx_word' id='word_1_21' title='bbox 843 998 1011 1082; x_wconf 86' lang='lat' dir='ltr'>animali</span> <span class='ocrx_word' id='word_1_22' title='bbox 1045 1016 1089 1081; x_wconf 89' lang='lat' dir='ltr'>et</span> <span class='ocrx_word' id='word_1_23' title='bbox 1119 996 1336 1109; x_wconf 67' lang='lat' dir='ltr'>vegetabili</span> <span class='ocrx_word' id='word_1_24' title='bbox 1369 1001 1464 1081; x_wconf 76' lang='lat' dir='ltr'>satir</span> 
     </span>
     <span class='ocr_line' id='line_1_4' title="bbox 188 1121 1463 1227; baseline 0.003 -21"><span class='ocrx_word' id='word_1_25' title='bbox 188 1124 355 1206; x_wconf 87' lang='lat' dir='ltr'>suerunt</span> <span class='ocrx_word' id='word_1_26' title='bbox 388 1123 562 1227; x_wconf 83' lang='lat' dir='ltr'>cognita.</span> <span class='ocrx_word' id='word_1_27' title='bbox 628 1121 818 1211; x_wconf 87' lang='lat' dir='ltr'>Pluribus</span> <span class='ocrx_word' id='word_1_28' title='bbox 851 1148 952 1211; x_wconf 82' lang='lat' dir='ltr'>uero</span> <span class='ocrx_word' id='word_1_29' title='bbox 973 1126 1280 1215; x_wconf 79' lang='lat' dir='ltr'>difficultatibus</span> <span class='ocrx_word' id='word_1_30' title='bbox 1298 1150 1344 1211; x_wconf 84' lang='lat' dir='ltr'>ea</span> <span class='ocrx_word' id='word_1_31' title='bbox 1368 1126 1463 1210; x_wconf 90' lang='lat' dir='ltr'>sunt</span> 
     </span>
     <span class='ocr_line' id='line_1_5' title="bbox 188 1248 1458 1367; baseline 0.002 -32"><span class='ocrx_word' id='word_1_32' title='bbox 188 1248 394 1357; x_wconf 65' lang='lat' dir='ltr'>subiecta,</span> <span class='ocrx_word' id='word_1_33' title='bbox 445 1277 629 1362; x_wconf 91' lang='lat' dir='ltr'>quorum</span> <span class='ocrx_word' id='word_1_34' title='bbox 669 1251 898 1360; x_wconf 90' lang='lat' dir='ltr'>Originalia</span> <span class='ocrx_word' id='word_1_35' title='bbox 940 1256 1142 1363; x_wconf 79' lang='lat' dir='ltr'>sagacitati</span> <span class='ocrx_word' id='word_1_36' title='bbox 1185 1258 1458 1367; x_wconf 84' lang='lat' dir='ltr'>Physrcotum</span> 
     </span>
     <span class='ocr_line' id='line_1_6' title="bbox 188 1378 1460 1496; baseline 0.006 -33"><span class='ocrx_word' id='word_1_37' title='bbox 188 1378 399 1493; x_wconf 89' lang='lat' dir='ltr'>hucusque</span> <span class='ocrx_word' id='word_1_38' title='bbox 426 1380 680 1487; x_wconf 61' lang='lat' dir='ltr'>effugerunt,</span> <span class='ocrx_word' id='word_1_39' title='bbox 733 1384 869 1466; x_wconf 89' lang='lat' dir='ltr'>Huius</span> <span class='ocrx_word' id='word_1_40' title='bbox 904 1384 1054 1469; x_wconf 89' lang='lat' dir='ltr'>indolis</span> <span class='ocrx_word' id='word_1_41' title='bbox 1083 1389 1312 1496; x_wconf 76' lang='lat' dir='ltr'>petresrsiis</span> <span class='ocrx_word' id='word_1_42' title='bbox 1334 1385 1460 1471; x_wconf 87' lang='lat' dir='ltr'>nostri</span> 
     </span>
     <span class='ocr_line' id='line_1_7' title="bbox 189 1503 1462 1621; baseline 0.005 -30"><span class='ocrx_word' id='word_1_43' title='bbox 189 1534 352 1621; x_wconf 88' lang='lat' dir='ltr'>quoque</span> <span class='ocrx_word' id='word_1_44' title='bbox 385 1510 475 1592; x_wconf 89' lang='lat' dir='ltr'>aeui</span> <span class='ocrx_word' id='word_1_45' title='bbox 508 1512 693 1595; x_wconf 74' lang='lat' dir='ltr'>austures</span> <span class='ocrx_word' id='word_1_46' title='bbox 733 1503 1001 1621; x_wconf 84' lang='lat' dir='ltr'>complures,</span> <span class='ocrx_word' id='word_1_47' title='bbox 1051 1514 1285 1601; x_wconf 86' lang='lat' dir='ltr'>Eutrochos</span> <span class='ocrx_word' id='word_1_48' title='bbox 1326 1510 1462 1598; x_wconf 58' lang='grc' dir='ltr'>(ΣοΙιιὁ</span> 
     </span>
     <span class='ocr_line' id='line_1_8' title="bbox 186 1637 1461 1754; baseline 0.004 -32"><span class='ocrx_word' id='word_1_49' title='bbox 186 1637 351 1723; x_wconf 73' lang='lat' dir='ltr'>intrares</span> <span class='ocrx_word' id='word_1_50' title='bbox 384 1637 627 1727; x_wconf 87' lang='lat' dir='ltr'>trochleatos</span> <span class='ocrx_word' id='word_1_51' title='bbox 659 1658 1013 1751; x_wconf 76' lang='lat' dir='ltr'>annumerarent,</span> <span class='ocrx_word' id='word_1_52' title='bbox 1044 1660 1193 1754; x_wconf 87' lang='lat' dir='ltr'>eosque</span> <span class='ocrx_word' id='word_1_53' title='bbox 1222 1666 1330 1727; x_wconf 83' lang='lat' dir='ltr'>nunc</span> <span class='ocrx_word' id='word_1_54' title='bbox 1346 1640 1461 1727; x_wconf 60' lang='lat' dir='ltr'>Con*</span> 
     </span>
     <span class='ocr_line' id='line_1_9' title="bbox 185 1764 1464 1882; baseline 0.004 -29"><span class='ocrx_word' id='word_1_55' title='bbox 185 1767 328 1875; x_wconf 88' lang='lat' dir='ltr'>chylia</span> <span class='ocrx_word' id='word_1_56' title='bbox 376 1794 481 1857; x_wconf 91' lang='lat' dir='ltr'>nunc</span> <span class='ocrx_word' id='word_1_57' title='bbox 535 1764 744 1881; x_wconf 89' lang='lat' dir='ltr'>Zoophita</span> <span class='ocrx_word' id='word_1_58' title='bbox 800 1772 1014 1882; x_wconf 73' lang='lat' dir='ltr'>petresasla</span> <span class='ocrx_word' id='word_1_59' title='bbox 1067 1769 1144 1856; x_wconf 81' lang='lat' dir='ltr'>effe</span> <span class='ocrx_word' id='word_1_60' title='bbox 1192 1775 1464 1859; x_wconf 84' lang='lat' dir='ltr'>crediderunt.</span> 
     </span>
     <span class='ocr_line' id='line_1_10' title="bbox 184 1888 1459 2014; baseline 0.002 -30"><span class='ocrx_word' id='word_1_61' title='bbox 184 1900 352 1984; x_wconf 78' lang='lat' dir='ltr'>Austor</span> <span class='ocrx_word' id='word_1_62' title='bbox 385 1888 684 2011; x_wconf 69' lang='lat' dir='ltr'>Disertationis</span> <span class='ocrx_word' id='word_1_63' title='bbox 718 1924 790 2014; x_wconf 89' lang='lat' dir='ltr'>per</span> <span class='ocrx_word' id='word_1_64' title='bbox 822 1902 1039 2011; x_wconf 88' lang='lat' dir='ltr'>complura</span> <span class='ocrx_word' id='word_1_65' title='bbox 1075 1902 1345 2013; x_wconf 89' lang='lat' dir='ltr'>Exemplaria</span> <span class='ocrx_word' id='word_1_66' title='bbox 1375 1926 1459 1986; x_wconf 84' lang='lat' dir='ltr'>non</span> 
     </span>
     <span class='ocr_line' id='line_1_11' title="bbox 181 2027 1456 2144; baseline -0.002 -30"><span class='ocrx_word' id='word_1_67' title='bbox 181 2048 352 2114; x_wconf 88' lang='lat' dir='ltr'>tantum</span> <span class='ocrx_word' id='word_1_68' title='bbox 392 2027 593 2137; x_wconf 78' lang='lat' dir='ltr'>allegata,</span> <span class='ocrx_word' id='word_1_69' title='bbox 637 2054 788 2113; x_wconf 78' lang='lat' dir='ltr'>uerum</span> <span class='ocrx_word' id='word_1_70' title='bbox 827 2053 990 2144; x_wconf 85' lang='lat' dir='ltr'>quoqne</span> <span class='ocrx_word' id='word_1_71' title='bbox 1032 2032 1075 2114; x_wconf 91' lang='lat' dir='ltr'>in</span> <span class='ocrx_word' id='word_1_72' title='bbox 1116 2030 1303 2117; x_wconf 86' lang='lat' dir='ltr'>Conselsu</span> <span class='ocrx_word' id='word_1_73' title='bbox 1347 2029 1456 2116; x_wconf 77' lang='lat' dir='ltr'>Aca-</span> 
     </span>
     <span class='ocr_line' id='line_1_12' title="bbox 181 2155 1458 2270; baseline -0.005 -25"><span class='ocrx_word' id='word_1_74' title='bbox 181 2162 350 2245; x_wconf 91' lang='lat' dir='ltr'>demico</span> <span class='ocrx_word' id='word_1_75' title='bbox 390 2160 692 2265; x_wconf 87' lang='lat' dir='ltr'>demonstrata,</span> <span class='ocrx_word' id='word_1_76' title='bbox 739 2159 817 2243; x_wconf 90' lang='lat' dir='ltr'>hos</span> <span class='ocrx_word' id='word_1_77' title='bbox 862 2159 1014 2270; x_wconf 84' lang='lat' dir='ltr'>lapides</span> <span class='ocrx_word' id='word_1_78' title='bbox 1055 2158 1277 2247; x_wconf 85' lang='lat' dir='ltr'>Entroclris</span> <span class='ocrx_word' id='word_1_79' title='bbox 1308 2155 1458 2245; x_wconf 75' lang='lat' dir='ltr'>&#39;Colu-</span> 
     </span>
     <span class='ocr_line' id='line_1_13' title="bbox 181 2288 1458 2400; baseline -0.003 -27"><span class='ocrx_word' id='word_1_80' title='bbox 181 2290 393 2377; x_wconf 90' lang='lat' dir='ltr'>mnarlbus</span> <span class='ocrx_word' id='word_1_81' title='bbox 427 2288 517 2372; x_wconf 90' lang='lat' dir='ltr'>iure</span> <span class='ocrx_word' id='word_1_82' title='bbox 550 2308 792 2374; x_wconf 89' lang='lat' dir='ltr'>annumerat</span> <span class='ocrx_word' id='word_1_83' title='bbox 813 2334 833 2395; x_wconf 89' lang='lat'>‚·</span> <span class='ocrx_word' id='word_1_84' title='bbox 853 2294 961 2400; x_wconf 87' lang='lat' dir='ltr'>qui,</span> <span class='ocrx_word' id='word_1_85' title='bbox 1001 2290 1064 2372; x_wconf 87' lang='lat' dir='ltr'>uti</span> <span class='ocrx_word' id='word_1_86' title='bbox 1095 2310 1244 2375; x_wconf 91' lang='lat' dir='ltr'>notum</span> <span class='ocrx_word' id='word_1_87' title='bbox 1277 2289 1368 2391; x_wconf 86' lang='lat' dir='ltr'>est,</span> <span class='ocrx_word' id='word_1_88' title='bbox 1406 2288 1458 2370; x_wconf 83' lang='lat' dir='ltr'>de</span> 
     </span>
     <span class='ocr_line' id='line_1_14' title="bbox 178 2407 1457 2533; baseline -0.004 -29"><span class='ocrx_word' id='word_1_89' title='bbox 178 2415 325 2504; x_wconf 87' lang='lat' dir='ltr'>Stellis</span> <span class='ocrx_word' id='word_1_90' title='bbox 359 2418 527 2503; x_wconf 88' lang='lat' dir='ltr'>marinis</span> <span class='ocrx_word' id='word_1_91' title='bbox 566 2418 714 2533; x_wconf 78' lang='lat' dir='ltr'>diuersa</span> <span class='ocrx_word' id='word_1_92' title='bbox 753 2420 941 2529; x_wconf 74' lang='lat' dir='ltr'>generis,</span> <span class='ocrx_word' id='word_1_93' title='bbox 981 2416 1205 2527; x_wconf 65' lang='lat' dir='ltr'>Emonia,</span> <span class='ocrx_word' id='word_1_94' title='bbox 1246 2407 1295 2501; x_wconf 68' lang='lat' dir='ltr'>et¹</span> <span class='ocrx_word' id='word_1_95' title='bbox 1328 2415 1457 2526; x_wconf 83' lang='lat' dir='ltr'>Capi·</span> 
     </span>
     <span class='ocr_line' id='line_1_15' title="bbox 177 2542 1458 2652; baseline 0.002 -25"><span class='ocrx_word' id='word_1_96' title='bbox 177 2548 293 2629; x_wconf 90' lang='lat' dir='ltr'>tibus</span> <span class='ocrx_word' id='word_1_97' title='bbox 331 2548 729 2652; x_wconf 45' lang='lat' dir='ltr'>Medusaesortum</span> <span class='ocrx_word' id='word_1_98' title='bbox 771 2550 894 2632; x_wconf 93' lang='lat' dir='ltr'>suum</span> <span class='ocrx_word' id='word_1_99' title='bbox 935 2545 1122 2632; x_wconf 88' lang='lat' dir='ltr'>trahunt.</span> <span class='ocrx_word' id='word_1_100' title='bbox 1197 2546 1270 2637; x_wconf 67' lang='lat' dir='ltr'>‘De</span> <span class='ocrx_word' id='word_1_101' title='bbox 1299 2542 1377 2629; x_wconf 89' lang='lat' dir='ltr'>hac</span> <span class='ocrx_word' id='word_1_102' title='bbox 1410 2570 1458 2629; x_wconf 81' lang='lat' dir='ltr'>re</span> 
     </span>
     <span class='ocr_line' id='line_1_16' title="bbox 173 2668 1458 2787; baseline 0 -28"><span class='ocrx_word' id='word_1_103' title='bbox 173 2677 337 2759; x_wconf 86' lang='lat' dir='ltr'>certior</span> <span class='ocrx_word' id='word_1_104' title='bbox 371 2676 497 2758; x_wconf 75' lang='lat' dir='ltr'>saslus</span> <span class='ocrx_word' id='word_1_105' title='bbox 528 2678 585 2757; x_wconf 88' lang='lat' dir='ltr'>cst</span> <span class='ocrx_word' id='word_1_106' title='bbox 617 2680 659 2759; x_wconf 91' lang='lat' dir='ltr'>in</span> <span class='ocrx_word' id='word_1_107' title='bbox 694 2676 945 2787; x_wconf 88' lang='lat' dir='ltr'>Exemplare</span> <span class='ocrx_word' id='word_1_108' title='bbox 984 2668 1163 2787; x_wconf 79' lang='lat' dir='ltr'>quodam</span> <span class='ocrx_word' id='word_1_109' title='bbox 1205 2700 1257 2760; x_wconf 87' lang='lat' dir='ltr'>ex</span> <span class='ocrx_word' id='word_1_110' title='bbox 1297 2675 1458 2760; x_wconf 81' lang='lat' dir='ltr'>serriso&#39;·</span> 
     </span>
     <span class='ocr_line' id='line_1_17' title="bbox 172 2800 1457 2913; baseline 0 -24"><span class='ocrx_word' id='word_1_111' title='bbox 172 2804 294 2889; x_wconf 90' lang='lat' dir='ltr'>dinis</span> <span class='ocrx_word' id='word_1_112' title='bbox 343 2800 661 2885; x_wconf 87' lang='lat' dir='ltr'>Huttenrodanis</span> <span class='ocrx_word' id='word_1_113' title='bbox 707 2802 752 2882; x_wconf 93' lang='lat' dir='ltr'>in</span> <span class='ocrx_word' id='word_1_114' title='bbox 793 2804 998 2907; x_wconf 87' lang='lat' dir='ltr'>Hercynia</span> <span class='ocrx_word' id='word_1_115' title='bbox 1038 2822 1190 2909; x_wconf 85' lang='lat' dir='ltr'>eruto,</span> <span class='ocrx_word' id='word_1_116' title='bbox 1230 2801 1457 2913; x_wconf 70' lang='lat' dir='ltr'>qnoduif·</span> 
     </span>
     <span class='ocr_line' id='line_1_18' title="bbox 171 2926 1553 3045; baseline -0.001 -27"><span class='ocrx_word' id='word_1_117' title='bbox 171 2930 363 3018; x_wconf 67' lang='lat' dir='ltr'>stastum</span> <span class='ocrx_word' id='word_1_118' title='bbox 387 2931 558 3011; x_wconf 78' lang='lat' dir='ltr'>eandem</span> <span class='ocrx_word' id='word_1_119' title='bbox 580 2926 737 3011; x_wconf 82' lang='lat' dir='ltr'>stellam</span> <span class='ocrx_word' id='word_1_120' title='bbox 762 2951 1039 3041; x_wconf 84' lang='lat' dir='ltr'>pentagonum</span> <span class='ocrx_word' id='word_1_121' title='bbox 1070 2932 1295 3038; x_wconf 83' lang='lat' dir='ltr'>monstrat,</span> <span class='ocrx_word' id='word_1_122' title='bbox 1328 2954 1454 3045; x_wconf 86' lang='lat' dir='ltr'>quam</span> <span class='ocrx_word' id='word_1_123' title='bbox 1549 2959 1553 2965; x_wconf 88' lang='lat'>·</span> 
     </span>
    </p>
   </div>
   <div class='ocr_carea' id='block_1_4' title="bbox 171 3050 1697 3181">
    <p class='ocr_par' dir='ltr' id='par_1_4' title="bbox 171 3050 1697 3181">
     <span class='ocr_line' id='line_1_19' title="bbox 171 3050 1697 3181; baseline -0.001 -35"><span class='ocrx_word' id='word_1_124' title='bbox 171 3064 222 3146; x_wconf 88' lang='lat' dir='ltr'>in</span> <span class='ocrx_word' id='word_1_125' title='bbox 260 3055 544 3181; x_wconf 76' lang='lat' dir='ltr'>compluribus</span> <span class='ocrx_word' id='word_1_126' title='bbox 576 3054 753 3140; x_wconf 88' lang='lat' dir='ltr'>Trochis</span> <span class='ocrx_word' id='word_1_127' title='bbox 791 3073 835 3138; x_wconf 86' lang='lat' dir='ltr'>et</span> <span class='ocrx_word' id='word_1_128' title='bbox 874 3055 1098 3144; x_wconf 85' lang='lat' dir='ltr'>Entrochis</span> <span class='ocrx_word' id='word_1_129' title='bbox 1139 3050 1457 3149; x_wconf 82' lang='lat' dir='ltr'>Columnaribus</span> <span class='ocrx_word' id='word_1_130' title='bbox 1562 3054 1566 3059; x_wconf 75' lang='grc'><strong><em>’</em></strong></span> <span class='ocrx_word' id='word_1_131' title='bbox 1690 3150 1697 3161; x_wconf 56' lang='grc'><strong><em>,</em></strong></span> 
     </span>
    </p>
   </div>
   <div class='ocr_carea' id='block_1_5' title="bbox 163 3184 1458 4727">
    <p class='ocr_par' dir='ltr' id='par_1_5' title="bbox 163 3184 1458 4727">
     <span class='ocr_line' id='line_1_20' title="bbox 172 3184 1455 3294; baseline 0 -22"><span class='ocrx_word' id='word_1_132' title='bbox 172 3190 404 3283; x_wconf 80' lang='lat' dir='ltr'>cernimus.</span> <span class='ocrx_word' id='word_1_133' title='bbox 472 3185 570 3269; x_wconf 86' lang='lat' dir='ltr'>Tab.</span> <span class='ocrx_word' id='word_1_134' title='bbox 611 3186 717 3271; x_wconf 89' lang='lat' dir='ltr'><strong>XII.</strong></span> <span class='ocrx_word' id='word_1_135' title='bbox 751 3184 830 3294; x_wconf 82' lang='lat' dir='ltr'>fig.</span> <span class='ocrx_word' id='word_1_136' title='bbox 878 3206 918 3286; x_wconf 86' lang='lat'>5.</span> <span class='ocrx_word' id='word_1_137' title='bbox 961 3186 1052 3268; x_wconf 76' lang='lat' dir='ltr'>&#39;eius</span> <span class='ocrx_word' id='word_1_138' title='bbox 1084 3192 1245 3275; x_wconf 89' lang='lat' dir='ltr'>iconem</span> <span class='ocrx_word' id='word_1_139' title='bbox 1276 3188 1455 3275; x_wconf 69' lang='lat' dir='ltr'>exhibet·</span> 
     </span>
     <span class='ocr_line' id='line_1_21' title="bbox 170 3312 1455 3427; baseline -0.003 -19"><span class='ocrx_word' id='word_1_140' title='bbox 170 3318 389 3408; x_wconf 83' lang='lat' dir='ltr'>Sententia</span> <span class='ocrx_word' id='word_1_141' title='bbox 420 3314 598 3400; x_wconf 65' lang='lat' dir='ltr'>auhoris</span> <span class='ocrx_word' id='word_1_142' title='bbox 632 3315 763 3424; x_wconf 90' lang='lat' dir='ltr'>magis</span> <span class='ocrx_word' id='word_1_143' title='bbox 794 3312 1237 3402; x_wconf 81' lang='lat' dir='ltr'>adhuc&#39;corroboratu&#39;r</span> <span class='ocrx_word' id='word_1_144' title='bbox 1255 3336 1326 3427; x_wconf 88' lang='lat' dir='ltr'>per</span> <span class='ocrx_word' id='word_1_145' title='bbox 1343 3314 1455 3406; x_wconf 84' lang='lat' dir='ltr'>aliud</span> 
     </span>
     <span class='ocr_line' id='line_1_22' title="bbox 170 3443 1455 3557; baseline -0.005 -23"><span class='ocrx_word' id='word_1_146' title='bbox 170 3446 318 3535; x_wconf 87' lang='lat' dir='ltr'>adhuc</span> <span class='ocrx_word' id='word_1_147' title='bbox 366 3443 594 3557; x_wconf 87' lang='lat' dir='ltr'>Exemplar</span> <span class='ocrx_word' id='word_1_148' title='bbox 645 3444 743 3532; x_wconf 89' lang='lat' dir='ltr'>Tab.</span> <span class='ocrx_word' id='word_1_149' title='bbox 795 3445 901 3531; x_wconf 85' lang='lat' dir='ltr'>Xll.</span> <span class='ocrx_word' id='word_1_150' title='bbox 957 3444 1027 3553; x_wconf 84' lang='lat' dir='ltr'>fig·</span> <span class='ocrx_word' id='word_1_151' title='bbox 1072 3466 1114 3547; x_wconf 86' lang='lat'>7.</span> <span class='ocrx_word' id='word_1_152' title='bbox 1165 3445 1455 3553; x_wconf 84' lang='lat' dir='ltr'>delineatum,</span> 
     </span>
     <span class='ocr_line' id='line_1_23' title="bbox 171 3573 1455 3684; baseline 0.002 -24"><span class='ocrx_word' id='word_1_153' title='bbox 171 3578 248 3664; x_wconf 82' lang='lat' dir='ltr'>ubi</span> <span class='ocrx_word' id='word_1_154' title='bbox 283 3600 468 3664; x_wconf 78' lang='lat' dir='ltr'>araxem</span> <span class='ocrx_word' id='word_1_155' title='bbox 501 3573 962 3684; x_wconf 81' lang='lat' dir='ltr'>Entrochimonstrat,</span> <span class='ocrx_word' id='word_1_156' title='bbox 1013 3575 1082 3659; x_wconf 91' lang='lat' dir='ltr'>cui</span> <span class='ocrx_word' id='word_1_157' title='bbox 1116 3573 1306 3661; x_wconf 85' lang='lat' dir='ltr'>Trochus</span> <span class='ocrx_word' id='word_1_158' title='bbox 1345 3575 1455 3662; x_wconf 79' lang='lat' dir='ltr'>circa</span> 
     </span>
     <span class='ocr_line' id='line_1_24' title="bbox 170 3701 1455 3821; baseline -0.004 -28"><span class='ocrx_word' id='word_1_159' title='bbox 170 3704 287 3813; x_wconf 90' lang='lat' dir='ltr'>hanc</span> <span class='ocrx_word' id='word_1_160' title='bbox 317 3729 440 3790; x_wconf 88' lang='lat' dir='ltr'>axem</span> <span class='ocrx_word' id='word_1_161' title='bbox 473 3701 670 3789; x_wconf 74' lang='lat' dir='ltr'>versatilis</span> <span class='ocrx_word' id='word_1_162' title='bbox 708 3703 904 3790; x_wconf 87' lang='lat' dir='ltr'>inhaeret.</span> <span class='ocrx_word' id='word_1_163' title='bbox 984 3704 1099 3821; x_wconf 82' lang='lat' dir='ltr'>Quin</span> <span class='ocrx_word' id='word_1_164' title='bbox 1140 3706 1308 3814; x_wconf 87' lang='lat' dir='ltr'>immo,</span> <span class='ocrx_word' id='word_1_165' title='bbox 1345 3704 1455 3814; x_wconf 81' lang='lat' dir='ltr'>ipsae</span> 
     </span>
     <span class='ocr_line' id='line_1_25' title="bbox 166 3830 1454 3945; baseline -0.005 -24"><span class='ocrx_word' id='word_1_166' title='bbox 166 3835 256 3921; x_wconf 88' lang='lat' dir='ltr'>hae</span> <span class='ocrx_word' id='word_1_167' title='bbox 292 3856 388 3919; x_wconf 84' lang='lat' dir='ltr'>axes</span> <span class='ocrx_word' id='word_1_168' title='bbox 419 3830 649 3917; x_wconf 88' lang='lat' dir='ltr'>luculenter</span> <span class='ocrx_word' id='word_1_169' title='bbox 681 3832 909 3940; x_wconf 86' lang='lat' dir='ltr'>testantur,</span> <span class='ocrx_word' id='word_1_170' title='bbox 951 3832 1123 3945; x_wconf 85' lang='lat' dir='ltr'>Lapides</span> <span class='ocrx_word' id='word_1_171' title='bbox 1154 3835 1247 3919; x_wconf 90' lang='lat' dir='ltr'>istos</span> <span class='ocrx_word' id='word_1_172' title='bbox 1280 3835 1328 3915; x_wconf 89' lang='lat' dir='ltr'>ad</span> <span class='ocrx_word' id='word_1_173' title='bbox 1361 3833 1454 3916; x_wconf 86' lang='lat' dir='ltr'>En·</span> 
     </span>
     <span class='ocr_line' id='line_1_26' title="bbox 164 3958 1454 4075; baseline -0.011 -21"><span class='ocrx_word' id='word_1_174' title='bbox 164 3962 433 4054; x_wconf 89' lang='lat' dir='ltr'>trochorum</span> <span class='ocrx_word' id='word_1_175' title='bbox 465 3962 669 4047; x_wconf 89' lang='lat' dir='ltr'>familiam</span> <span class='ocrx_word' id='word_1_176' title='bbox 703 3966 935 4075; x_wconf 82' lang='lat' dir='ltr'>pertinere,</span> <span class='ocrx_word' id='word_1_177' title='bbox 967 3990 1065 4049; x_wconf 89' lang='lat' dir='ltr'>cum</span> <span class='ocrx_word' id='word_1_178' title='bbox 1098 3964 1310 4045; x_wconf 87' lang='lat' dir='ltr'>neminem</span> <span class='ocrx_word' id='word_1_179' title='bbox 1340 3958 1454 4065; x_wconf 83' lang='lat' dir='ltr'>fugi-</span> 
     </span>
     <span class='ocr_line' id='line_1_27' title="bbox 165 4087 1454 4205; baseline -0.009 -21"><span class='ocrx_word' id='word_1_180' title='bbox 165 4116 250 4202; x_wconf 87' lang='lat' dir='ltr'>at,</span> <span class='ocrx_word' id='word_1_181' title='bbox 293 4090 480 4177; x_wconf 83' lang='lat' dir='ltr'>Trochus</span> <span class='ocrx_word' id='word_1_182' title='bbox 513 4091 749 4205; x_wconf 88' lang='lat' dir='ltr'>complures</span> <span class='ocrx_word' id='word_1_183' title='bbox 780 4096 824 4177; x_wconf 93' lang='lat' dir='ltr'>in</span> <span class='ocrx_word' id='word_1_184' title='bbox 856 4111 997 4178; x_wconf 87' lang='lat' dir='ltr'>centro</span> <span class='ocrx_word' id='word_1_185' title='bbox 1019 4088 1241 4203; x_wconf 85' lang='lat' dir='ltr'>perforatos</span> <span class='ocrx_word' id='word_1_186' title='bbox 1262 4087 1454 4198; x_wconf 86' lang='lat' dir='ltr'>reperiri.</span> 
     </span>
     <span class='ocr_line' id='line_1_28' title="bbox 163 4216 1453 4332; baseline -0.009 -18"><span class='ocrx_word' id='word_1_187' title='bbox 163 4222 390 4314; x_wconf 91' lang='lat' dir='ltr'>Omnibus</span> <span class='ocrx_word' id='word_1_188' title='bbox 422 4243 519 4307; x_wconf 79' lang='lat' dir='ltr'>uero</span> <span class='ocrx_word' id='word_1_189' title='bbox 559 4222 844 4332; x_wconf 85' lang='lat' dir='ltr'>argumentis,</span> <span class='ocrx_word' id='word_1_190' title='bbox 882 4220 1013 4307; x_wconf 81' lang='lat' dir='ltr'>nostra</span> <span class='ocrx_word' id='word_1_191' title='bbox 1053 4218 1219 4329; x_wconf 88' lang='lat' dir='ltr'>quidem</span> <span class='ocrx_word' id='word_1_192' title='bbox 1256 4216 1453 4303; x_wconf 80' lang='lat' dir='ltr'>sententia</span> 
     </span>
     <span class='ocr_line' id='line_1_29' title="bbox 165 4342 1453 4469; baseline -0.007 -31"><span class='ocrx_word' id='word_1_193' title='bbox 165 4354 371 4469; x_wconf 86' lang='lat' dir='ltr'>palmam</span> <span class='ocrx_word' id='word_1_194' title='bbox 407 4342 647 4463; x_wconf 78' lang='lat' dir='ltr'>praeripere</span> <span class='ocrx_word' id='word_1_195' title='bbox 666 4354 865 4458; x_wconf 78' lang='lat' dir='ltr'>ridetur,</span> <span class='ocrx_word' id='word_1_196' title='bbox 900 4354 1109 4437; x_wconf 86' lang='lat' dir='ltr'>Anatome</span> <span class='ocrx_word' id='word_1_197' title='bbox 1142 4342 1453 4432; x_wconf 81' lang='lat' dir='ltr'>ramorumuel</span> 
     </span>
     <span class='ocr_line' id='line_1_30' title="bbox 163 4472 1458 4593; baseline -0.011 -20"><span class='ocrx_word' id='word_1_198' title='bbox 163 4484 447 4573; x_wconf 90' lang='lat' dir='ltr'>brachiorum</span> <span class='ocrx_word' id='word_1_199' title='bbox 496 4478 653 4593; x_wconf 85' lang='lat' dir='ltr'>Capitis</span> <span class='ocrx_word' id='word_1_200' title='bbox 696 4480 884 4568; x_wconf 87' lang='lat' dir='ltr'>Medusae</span> <span class='ocrx_word' id='word_1_201' title='bbox 923 4472 1356 4587; x_wconf 87' lang='lat' dir='ltr'>Archangelopolitani</span> <span class='ocrx_word' id='word_1_202' title='bbox 1405 4474 1458 4559; x_wconf 90' lang='lat' dir='ltr'>ab</span> 
     </span>
     <span class='ocr_line' id='line_1_31' title="bbox 164 4600 1455 4727; baseline -0.016 -22"><span class='ocrx_word' id='word_1_203' title='bbox 164 4614 372 4727; x_wconf 57' lang='lat' dir='ltr'>Auctore</span> <span class='ocrx_word' id='word_1_204' title='bbox 400 4607 662 4725; x_wconf 88' lang='lat' dir='ltr'>institutum,</span> <span class='ocrx_word' id='word_1_205' title='bbox 689 4634 791 4727; x_wconf 85' lang='lat' dir='ltr'>quae</span> <span class='ocrx_word' id='word_1_206' title='bbox 823 4612 863 4697; x_wconf 88' lang='lat' dir='ltr'>ei</span> <span class='ocrx_word' id='word_1_207' title='bbox 895 4608 1064 4697; x_wconf 86' lang='lat' dir='ltr'>eandem</span> <span class='ocrx_word' id='word_1_208' title='bbox 1095 4629 1196 4691; x_wconf 88' lang='lat' dir='ltr'>cum</span> <span class='ocrx_word' id='word_1_209' title='bbox 1227 4600 1455 4693; x_wconf 85' lang='lat' dir='ltr'>Eutrochis</span> 
     </span>
    </p>
   </div>
   <div class='ocr_carea' id='block_1_6' title="bbox 1338 4726 1450 4841">
    <p class='ocr_par' dir='ltr' id='par_1_6' title="bbox 1338 4726 1450 4841">
     <span class='ocr_line' id='line_1_32' title="bbox 1338 4726 1450 4841; baseline 0 -27"><span class='ocrx_word' id='word_1_210' title='bbox 1338 4726 1450 4841; x_wconf 82' lang='lat' dir='ltr'>figu-</span> 
     </span>
    </p>
   </div>
   <div class='ocr_carea' id='block_1_7' title="bbox 0 0 2250 5809">
    <p class='ocr_par' dir='ltr' id='par_1_7' title="bbox 0 0 2250 5809">
     <span class='ocr_line' id='line_1_33' title="bbox 0 0 2250 5809; baseline 0 6"><span class='ocrx_word' id='word_1_211' title='bbox 0 0 2250 5809; x_wconf 95' lang='lat' dir='ltr'> </span> 
     </span>
    </p>
   </div>
  </div>
 </body>
</html>
