<?xml version="1.0" encoding="UTF-8"?>
<!DOCTYPE html PUBLIC "-//W3C//DTD XHTML 1.0 Transitional//EN"
    "http://www.w3.org/TR/xhtml1/DTD/xhtml1-transitional.dtd">
<html xmlns="http://www.w3.org/1999/xhtml" xml:lang="en" lang="en">
 <head>
  <title>
</title>
<meta http-equiv="Content-Type" content="text/html;charset=utf-8" />
  <meta name='ocr-system' content='tesseract 3.04.00' />
  <meta name='ocr-capabilities' content='ocr_page ocr_carea ocr_par ocr_line ocrx_word'/>
</head>
<body>
  <div class='ocr_page' id='page_1' title='image "./novicommentarii09sssrgoog_0547.png"; bbox 0 0 4492 5809; ppageno 0'>
   <div class='ocr_carea' id='block_1_1' title="bbox 34 784 41 870">
    <p class='ocr_par' dir='ltr' id='par_1_1' title="bbox 34 784 41 870">
     <span class='ocr_line' id='line_1_1' title="bbox 34 784 41 870; baseline 0 0"><span class='ocrx_word' id='word_1_1' title='bbox 34 784 41 870; x_wconf 75' lang='lat' dir='ltr'>i</span> 
     </span>
    </p>
   </div>
   <div class='ocr_carea' id='block_1_2' title="bbox 606 496 1462 684">
    <p class='ocr_par' dir='ltr' id='par_1_2' title="bbox 606 496 1462 684">
     <span class='ocr_line' id='line_1_2' title="bbox 606 496 1462 684; baseline 0.002 -11"><span class='ocrx_word' id='word_1_2' title='bbox 606 558 780 677; x_wconf 55' lang='lat' dir='ltr'>uarat</span> <span class='ocrx_word' id='word_1_3' title='bbox 814 582 845 656; x_wconf 75' lang='lat' dir='ltr'>e</span> <span class='ocrx_word' id='word_1_4' title='bbox 878 564 1039 684; x_wconf 65' lang='lat' dir='ltr'>tata·</span> <span class='ocrx_word' id='word_1_5' title='bbox 1167 496 1172 503; x_wconf 59' lang='grc'><strong>’</strong></span> <span class='ocrx_word' id='word_1_6' title='bbox 1291 615 1295 623; x_wconf 92' lang='lat'>·</span> <span class='ocrx_word' id='word_1_7' title='bbox 1371 594 1462 684; x_wconf 61' lang='lat' dir='ltr'>aaa</span> 
     </span>
    </p>
   </div>
   <div class='ocr_carea' id='block_1_3' title="bbox 232 790 1424 1125">
    <p class='ocr_par' dir='ltr' id='par_1_3' title="bbox 232 790 1424 1125">
     <span class='ocr_line' id='line_1_3' title="bbox 748 790 877 887; baseline 0.023 -3"><span class='ocrx_word' id='word_1_8' title='bbox 748 790 877 887; x_wconf 73' lang='grc' dir='ltr'>-ΒΕ</span> 
     </span>
     <span class='ocr_line' id='line_1_4' title="bbox 232 917 1424 1125; baseline 0.005 -8"><span class='ocrx_word' id='word_1_9' title='bbox 232 965 657 1121; x_wconf 76' lang='lat' dir='ltr'>undant:</span> <span class='ocrx_word' id='word_1_10' title='bbox 716 917 819 1119; x_wconf 81' lang='lat' dir='ltr'>nu</span> <span class='ocrx_word' id='word_1_11' title='bbox 865 985 1126 1125; x_wconf 78' lang='lat' dir='ltr'>sonu</span> <span class='ocrx_word' id='word_1_12' title='bbox 1175 974 1424 1125; x_wconf 80' lang='lat' dir='ltr'>ursa</span> 
     </span>
    </p>
   </div>
   <div class='ocr_carea' id='block_1_4' title="bbox 32 1202 1464 1312">
    <p class='ocr_par' dir='ltr' id='par_1_4' title="bbox 32 1202 1464 1312">
     <span class='ocr_line' id='line_1_5' title="bbox 32 1202 1464 1312; baseline 0.012 -28"><span class='ocrx_word' id='word_1_13' title='bbox 32 1235 35 1284; x_wconf 69' lang='lat' dir='ltr'>t</span> <span class='ocrx_word' id='word_1_14' title='bbox 185 1202 401 1299; x_wconf 85' lang='lat' dir='ltr'><strong>LIPSIAE</strong></span> <span class='ocrx_word' id='word_1_15' title='bbox 440 1204 544 1299; x_wconf 80' lang='lat' dir='ltr'>AN.</span> <span class='ocrx_word' id='word_1_16' title='bbox 587 1214 722 1312; x_wconf 84' lang='lat'>1761.</span> <span class='ocrx_word' id='word_1_17' title='bbox 760 1205 821 1293; x_wconf 92' lang='lat' dir='ltr'>D.</span> <span class='ocrx_word' id='word_1_18' title='bbox 861 1217 906 1295; x_wconf 87' lang='lat'>6.</span> <span class='ocrx_word' id='word_1_19' title='bbox 945 1207 1093 1299; x_wconf 84' lang='lat' dir='ltr'>IVNII</span> <span class='ocrx_word' id='word_1_20' title='bbox 1133 1205 1291 1302; x_wconf 80' lang='lat' dir='ltr'><strong>STYL.</strong></span> <span class='ocrx_word' id='word_1_21' title='bbox 1326 1214 1464 1305; x_wconf 73' lang='lat' dir='ltr'>Nou.</span> 
     </span>
    </p>
   </div>
   <div class='ocr_carea' id='block_1_5' title="bbox 359 1359 1315 1461">
    <p class='ocr_par' dir='ltr' id='par_1_5' title="bbox 359 1359 1315 1461">
     <span class='ocr_line' id='line_1_6' title="bbox 359 1359 1315 1461; baseline 0.001 -9"><span class='ocrx_word' id='word_1_22' title='bbox 359 1359 528 1461; x_wconf 80' lang='lat' dir='ltr'>flotus</span> <span class='ocrx_word' id='word_1_23' title='bbox 560 1359 887 1456; x_wconf 74' lang='lat' dir='ltr'>utorvrluts</span> <span class='ocrx_word' id='word_1_24' title='bbox 919 1362 1090 1460; x_wconf 84' lang='lat' dir='ltr'><strong>TEMP.</strong></span> <span class='ocrx_word' id='word_1_25' title='bbox 1124 1362 1315 1459; x_wconf 81' lang='lat' dir='ltr'>ctvttt.</span> 
     </span>
    </p>
   </div>
   <div class='ocr_carea' id='block_1_6' title="bbox 583 1619 1120 1941">
    <p class='ocr_par' dir='ltr' id='par_1_6' title="bbox 583 1619 1120 1941">
     <span class='ocr_line' id='line_1_7' title="bbox 720 1619 973 1710; baseline -0.012 -1"><span class='ocrx_word' id='word_1_26' title='bbox 720 1619 936 1710; x_wconf 70' lang='lat' dir='ltr'>Androne</span> <span class='ocrx_word' id='word_1_27' title='bbox 969 1622 973 1629; x_wconf 83' lang='grc'><strong>’</strong></span> 
     </span>
     <span class='ocr_line' id='line_1_8' title="bbox 583 1821 1120 1941; baseline -0.006 -8"><span class='ocrx_word' id='word_1_28' title='bbox 583 1821 639 1934; x_wconf 78' lang='lat' dir='ltr'>o&#39;.</span> <span class='ocrx_word' id='word_1_29' title='bbox 701 1844 1120 1941; x_wconf 63' lang='lat' dir='ltr'>autunto„</span> 
     </span>
    </p>
   </div>
   <div class='ocr_carea' id='block_1_7' title="bbox 799 2130 845 2193">
    <p class='ocr_par' dir='ltr' id='par_1_7' title="bbox 799 2130 845 2193">
     <span class='ocr_line' id='line_1_9' title="bbox 799 2130 845 2193; baseline -0.087 0"><span class='ocrx_word' id='word_1_30' title='bbox 799 2130 845 2193; x_wconf 82' lang='lat'>1.</span> 
     </span>
    </p>
   </div>
   <div class='ocr_carea' id='block_1_8' title="bbox 180 2254 1462 2558">
    <p class='ocr_par' dir='ltr' id='par_1_8' title="bbox 180 2254 1462 2558">
     <span class='ocr_line' id='line_1_10' title="bbox 180 2254 1462 2529; baseline 0.004 -116"><span class='ocrx_word' id='word_1_31' title='bbox 180 2254 495 2529; x_wconf 76' lang='lat' dir='ltr'>praestantiae</span> <span class='ocrx_word' id='word_1_32' title='bbox 526 2324 639 2415; x_wconf 81' lang='lat' dir='ltr'>huius</span> <span class='ocrx_word' id='word_1_33' title='bbox 671 2326 937 2447; x_wconf 86' lang='lat' dir='ltr'>phaenomeni</span> <span class='ocrx_word' id='word_1_34' title='bbox 970 2326 1355 2417; x_wconf 78' lang='lat' dir='ltr'>commendationem</span> <span class='ocrx_word' id='word_1_35' title='bbox 1407 2354 1462 2443; x_wconf 88' lang='lat' dir='ltr'>co</span> 
     </span>
     <span class='ocr_line' id='line_1_11' title="bbox 314 2454 1461 2558; baseline 0.006 -22"><span class='ocrx_word' id='word_1_36' title='bbox 314 2454 491 2536; x_wconf 68' lang='lat' dir='ltr'>libentius</span> <span class='ocrx_word' id='word_1_37' title='bbox 519 2458 666 2543; x_wconf 85' lang='lat' dir='ltr'>mitto,</span> <span class='ocrx_word' id='word_1_38' title='bbox 716 2472 797 2555; x_wconf 92' lang='lat' dir='ltr'>quo</span> <span class='ocrx_word' id='word_1_39' title='bbox 829 2456 968 2527; x_wconf 82' lang='lat' dir='ltr'>certius</span> <span class='ocrx_word' id='word_1_40' title='bbox 1000 2457 1154 2558; x_wconf 73' lang='lat' dir='ltr'>insignis</span> <span class='ocrx_word' id='word_1_41' title='bbox 1187 2461 1313 2539; x_wconf 84' lang='lat' dir='ltr'>raritas</span> <span class='ocrx_word' id='word_1_42' title='bbox 1349 2454 1461 2543; x_wconf 82' lang='lat' dir='ltr'>istam</span> 
     </span>
    </p>
   </div>
   <div class='ocr_carea' id='block_1_9' title="bbox 177 2572 1461 3075">
    <p class='ocr_par' dir='ltr' id='par_1_9' title="bbox 177 2572 1461 3075">
     <span class='ocr_line' id='line_1_12' title="bbox 179 2572 1458 2696; baseline 0 -30"><span class='ocrx_word' id='word_1_43' title='bbox 179 2582 411 2696; x_wconf 84' lang='lat' dir='ltr'>praedicat,</span> <span class='ocrx_word' id='word_1_44' title='bbox 454 2598 552 2685; x_wconf 84' lang='lat' dir='ltr'>quae</span> <span class='ocrx_word' id='word_1_45' title='bbox 593 2574 763 2659; x_wconf 85' lang='lat' dir='ltr'>¹reditum</span> <span class='ocrx_word' id='word_1_46' title='bbox 795 2572 1058 2686; x_wconf 85' lang='lat' dir='ltr'>phaenomcni</span> <span class='ocrx_word' id='word_1_47' title='bbox 1097 2578 1197 2663; x_wconf 82' lang='lat' dir='ltr'>ultra</span> <span class='ocrx_word' id='word_1_48' title='bbox 1229 2580 1458 2695; x_wconf 83' lang='lat' dir='ltr'>saeculum,</span> 
     </span>
     <span class='ocr_line' id='line_1_13' title="bbox 177 2702 1461 2822; baseline -0.001 -25"><span class='ocrx_word' id='word_1_49' title='bbox 177 2732 219 2797; x_wconf 88' lang='lat' dir='ltr'>et</span> <span class='ocrx_word' id='word_1_50' title='bbox 248 2714 353 2822; x_wconf 90' lang='lat' dir='ltr'>quod</span> <span class='ocrx_word' id='word_1_51' title='bbox 386 2702 585 2808; x_wconf 82' lang='lat' dir='ltr'>excurrit,</span> <span class='ocrx_word' id='word_1_52' title='bbox 640 2703 787 2787; x_wconf 86' lang='lat' dir='ltr'>morari</span> <span class='ocrx_word' id='word_1_53' title='bbox 838 2702 1063 2815; x_wconf 84' lang='lat' dir='ltr'>pierumque</span> <span class='ocrx_word' id='word_1_54' title='bbox 1112 2704 1240 2816; x_wconf 80' lang='lat' dir='ltr'>solet,</span> <span class='ocrx_word' id='word_1_55' title='bbox 1287 2732 1461 2821; x_wconf 78' lang='lat' dir='ltr'>quaeque</span> 
     </span>
     <span class='ocr_line' id='line_1_14' title="bbox 178 2828 1460 2944; baseline 0.002 -18"><span class='ocrx_word' id='word_1_56' title='bbox 178 2839 335 2944; x_wconf 83' lang='lat' dir='ltr'>effecit,</span> <span class='ocrx_word' id='word_1_57' title='bbox 366 2852 410 2919; x_wconf 78' lang='lat' dir='ltr'>vt</span> <span class='ocrx_word' id='word_1_58' title='bbox 442 2830 529 2944; x_wconf 84' lang='lat' dir='ltr'>post</span> <span class='ocrx_word' id='word_1_59' title='bbox 559 2828 753 2943; x_wconf 84' lang='lat' dir='ltr'>telescopii</span> <span class='ocrx_word' id='word_1_60' title='bbox 783 2830 1048 2919; x_wconf 86' lang='lat' dir='ltr'>inuentionem</span> <span class='ocrx_word' id='word_1_61' title='bbox 1083 2832 1177 2920; x_wconf 83' lang='lat' dir='ltr'>iliud</span> <span class='ocrx_word' id='word_1_62' title='bbox 1205 2837 1361 2937; x_wconf 84' lang='lat' dir='ltr'>secunda</span> <span class='ocrx_word' id='word_1_63' title='bbox 1390 2838 1460 2927; x_wconf 85' lang='lat' dir='ltr'>dc·</span> 
     </span>
     <span class='ocr_line' id='line_1_15' title="bbox 182 2962 1457 3075; baseline -0.002 -22"><span class='ocrx_word' id='word_1_64' title='bbox 182 2992 297 3053; x_wconf 89' lang='lat' dir='ltr'>mum</span> <span class='ocrx_word' id='word_1_65' title='bbox 329 2964 416 3048; x_wconf 79' lang='lat' dir='ltr'>vice</span> <span class='ocrx_word' id='word_1_66' title='bbox 445 2963 484 3045; x_wconf 83' lang='lat' dir='ltr'>se</span> <span class='ocrx_word' id='word_1_67' title='bbox 511 2986 612 3045; x_wconf 87' lang='lat' dir='ltr'>nunc</span> <span class='ocrx_word' id='word_1_68' title='bbox 644 2962 948 3072; x_wconf 82' lang='lat' dir='ltr'>conspiciendum</span> <span class='ocrx_word' id='word_1_69' title='bbox 995 2962 1241 3072; x_wconf 76' lang='lat' dir='ltr'>praebuerit3</span> <span class='ocrx_word' id='word_1_70' title='bbox 1288 2984 1335 3051; x_wconf 81' lang='lat' dir='ltr'>et·</span> <span class='ocrx_word' id='word_1_71' title='bbox 1377 2990 1457 3075; x_wconf 88' lang='lat' dir='ltr'>quo</span> 
     </span>
    </p>
   </div>
   <div class='ocr_carea' id='block_1_10' title="bbox 157 3090 1455 3205">
    <p class='ocr_par' dir='ltr' id='par_1_10' title="bbox 157 3090 1455 3205">
     <span class='ocr_line' id='line_1_16' title="bbox 157 3090 1455 3205; baseline 0.002 -28"><span class='ocrx_word' id='word_1_72' title='bbox 157 3097 305 3205; x_wconf 76' lang='lat' dir='ltr'>magis</span> <span class='ocrx_word' id='word_1_73' title='bbox 334 3092 594 3201; x_wconf 81' lang='lat' dir='ltr'>phaenomeni</span> <span class='ocrx_word' id='word_1_74' title='bbox 622 3092 739 3173; x_wconf 82' lang='lat' dir='ltr'>nostri</span> <span class='ocrx_word' id='word_1_75' title='bbox 770 3090 929 3201; x_wconf 74' lang='lat' dir='ltr'>dignitas</span> <span class='ocrx_word' id='word_1_76' title='bbox 957 3114 1015 3173; x_wconf 83' lang='lat' dir='ltr'>car·</span> <span class='ocrx_word' id='word_1_77' title='bbox 1043 3115 1092 3177; x_wconf 83' lang='lat' dir='ltr'>oo</span> <span class='ocrx_word' id='word_1_78' title='bbox 1146 3092 1304 3205; x_wconf 77' lang='lat' dir='ltr'>elucet,</span> <span class='ocrx_word' id='word_1_79' title='bbox 1351 3094 1455 3205; x_wconf 89' lang='lat' dir='ltr'>quod</span> 
     </span>
    </p>
   </div>
   <div class='ocr_carea' id='block_1_11' title="bbox 175 3217 1454 3970">
    <p class='ocr_par' dir='ltr' id='par_1_11' title="bbox 175 3217 1454 3970">
     <span class='ocr_line' id='line_1_17' title="bbox 178 3217 1453 3333; baseline 0 -26"><span class='ocrx_word' id='word_1_80' title='bbox 178 3225 282 3308; x_wconf 88' lang='lat' dir='ltr'>inter</span> <span class='ocrx_word' id='word_1_81' title='bbox 313 3217 515 3304; x_wconf 85' lang='lat' dir='ltr'>horrificos</span> <span class='ocrx_word' id='word_1_82' title='bbox 544 3242 745 3303; x_wconf 84' lang='lat' dir='ltr'>armorum</span> <span class='ocrx_word' id='word_1_83' title='bbox 775 3218 949 3328; x_wconf 78' lang='lat' dir='ltr'>strepitus</span> <span class='ocrx_word' id='word_1_84' title='bbox 997 3220 1188 3331; x_wconf 81' lang='lat' dir='ltr'>placidam</span> <span class='ocrx_word' id='word_1_85' title='bbox 1236 3218 1453 3333; x_wconf 78' lang='lat' dir='ltr'>Principum</span> 
     </span>
     <span class='ocr_line' id='line_1_18' title="bbox 179 3346 1453 3457; baseline 0.001 -21"><span class='ocrx_word' id='word_1_86' title='bbox 179 3348 512 3452; x_wconf 82' lang='lat' dir='ltr'>munificentiam,</span> <span class='ocrx_word' id='word_1_87' title='bbox 539 3364 580 3430; x_wconf 81' lang='lat' dir='ltr'>et</span> <span class='ocrx_word' id='word_1_88' title='bbox 611 3346 835 3457; x_wconf 80' lang='lat' dir='ltr'>finguiarem</span> <span class='ocrx_word' id='word_1_89' title='bbox 866 3348 1201 3432; x_wconf 85' lang='lat' dir='ltr'>Adrooomorum·</span> <span class='ocrx_word' id='word_1_90' title='bbox 1231 3346 1453 3437; x_wconf 82' lang='lat' dir='ltr'>industriam</span> 
     </span>
     <span class='ocr_line' id='line_1_19' title="bbox 175 3472 1454 3586; baseline -0.003 -21"><span class='ocrx_word' id='word_1_91' title='bbox 175 3480 272 3565; x_wconf 89' lang='lat' dir='ltr'>iilud</span> <span class='ocrx_word' id='word_1_92' title='bbox 302 3475 563 3586; x_wconf 65' lang='lat' dir='ltr'>eminuerit,</span> <span class='ocrx_word' id='word_1_93' title='bbox 614 3476 720 3558; x_wconf 77' lang='lat' dir='ltr'>unda</span> <span class='ocrx_word' id='word_1_94' title='bbox 752 3477 868 3559; x_wconf 88' lang='lat' dir='ltr'>etiarn</span> <span class='ocrx_word' id='word_1_95' title='bbox 900 3475 1042 3559; x_wconf 70' lang='lat' dir='ltr'>fidium</span> <span class='ocrx_word' id='word_1_96' title='bbox 1073 3472 1165 3581; x_wconf 83' lang='lat' dir='ltr'>est,</span> <span class='ocrx_word' id='word_1_97' title='bbox 1210 3493 1263 3557; x_wconf 84' lang='lat' dir='ltr'>ut·</span> <span class='ocrx_word' id='word_1_98' title='bbox 1286 3501 1356 3583; x_wconf 88' lang='lat' dir='ltr'>pet</span> <span class='ocrx_word' id='word_1_99' title='bbox 1385 3494 1454 3561; x_wconf 87' lang='lat' dir='ltr'>to·</span> 
     </span>
     <span class='ocr_line' id='line_1_20' title="bbox 178 3598 1452 3712; baseline -0.002 -20"><span class='ocrx_word' id='word_1_100' title='bbox 178 3629 263 3692; x_wconf 89' lang='lat' dir='ltr'>tum</span> <span class='ocrx_word' id='word_1_101' title='bbox 292 3607 373 3690; x_wconf 85' lang='lat' dir='ltr'>fere</span> <span class='ocrx_word' id='word_1_102' title='bbox 404 3624 589 3687; x_wconf 88' lang='lat' dir='ltr'>terrarum</span> <span class='ocrx_word' id='word_1_103' title='bbox 618 3603 755 3687; x_wconf 88' lang='lat' dir='ltr'>orbern</span> <span class='ocrx_word' id='word_1_104' title='bbox 787 3601 1063 3712; x_wconf 85' lang='lat' dir='ltr'>phaenomeno</span> <span class='ocrx_word' id='word_1_105' title='bbox 1093 3600 1224 3685; x_wconf 81' lang='lat' dir='ltr'>nostro</span> <span class='ocrx_word' id='word_1_106' title='bbox 1263 3598 1328 3689; x_wconf 89' lang='lat' dir='ltr'>sub</span> <span class='ocrx_word' id='word_1_107' title='bbox 1373 3605 1452 3689; x_wconf 87' lang='lat' dir='ltr'>cir·</span> 
     </span>
     <span class='ocr_line' id='line_1_21' title="bbox 177 3728 1451 3841; baseline -0.002 -23"><span class='ocrx_word' id='word_1_108' title='bbox 177 3735 404 3819; x_wconf 78' lang='lat' dir='ltr'>constantiis</span> <span class='ocrx_word' id='word_1_109' title='bbox 434 3729 626 3841; x_wconf 77' lang='lat' dir='ltr'>exquifitis</span> <span class='ocrx_word' id='word_1_110' title='bbox 654 3730 816 3815; x_wconf 83' lang='lat' dir='ltr'>infidiari</span> <span class='ocrx_word' id='word_1_111' title='bbox 848 3731 1007 3814; x_wconf 82' lang='lat' dir='ltr'>licuerit.</span> <span class='ocrx_word' id='word_1_112' title='bbox 1085 3728 1288 3837; x_wconf 86' lang='lat' dir='ltr'>Propofito</span> <span class='ocrx_word' id='word_1_113' title='bbox 1319 3733 1451 3838; x_wconf 81' lang='lat' dir='ltr'>potius</span> 
     </span>
     <span class='ocr_line' id='line_1_22' title="bbox 177 3854 1446 3970; baseline -0.005 -23"><span class='ocrx_word' id='word_1_114' title='bbox 177 3860 479 3947; x_wconf 83' lang='lat' dir='ltr'>accommodum</span> <span class='ocrx_word' id='word_1_115' title='bbox 514 3854 591 3941; x_wconf 76' lang='lat' dir='ltr'>etse</span> <span class='ocrx_word' id='word_1_116' title='bbox 622 3857 819 3962; x_wconf 81' lang='lat' dir='ltr'>arbitror,</span> <span class='ocrx_word' id='word_1_117' title='bbox 866 3858 972 3940; x_wconf 82' lang='lat' dir='ltr'>fica</span> <span class='ocrx_word' id='word_1_118' title='bbox 1008 3858 1136 3939; x_wconf 83' lang='lat' dir='ltr'>iintim</span> <span class='ocrx_word' id='word_1_119' title='bbox 1185 3876 1446 3970; x_wconf 82' lang='lat' dir='ltr'>enumerem,</span> 
     </span>
    </p>
   </div>
   <div class='ocr_carea' id='block_1_12' title="bbox 176 3980 1652 4102">
    <p class='ocr_par' dir='ltr' id='par_1_12' title="bbox 176 3980 1652 4102">
     <span class='ocr_line' id='line_1_23' title="bbox 176 3980 1652 4102; baseline -0.002 -30"><span class='ocrx_word' id='word_1_120' title='bbox 176 4015 274 4102; x_wconf 82' lang='lat' dir='ltr'>quae</span> <span class='ocrx_word' id='word_1_121' title='bbox 306 4013 382 4099; x_wconf 90' lang='lat' dir='ltr'>pro</span> <span class='ocrx_word' id='word_1_122' title='bbox 413 3984 671 4072; x_wconf 66' lang='lat' dir='ltr'>obstruatione</span> <span class='ocrx_word' id='word_1_123' title='bbox 701 3990 786 4066; x_wconf 83' lang='lat' dir='ltr'>eius</span> <span class='ocrx_word' id='word_1_124' title='bbox 814 3983 886 4064; x_wconf 88' lang='lat' dir='ltr'>rite</span> <span class='ocrx_word' id='word_1_125' title='bbox 918 3980 1155 4092; x_wconf 78' lang='lat' dir='ltr'>expedienda</span> <span class='ocrx_word' id='word_1_126' title='bbox 1187 3980 1360 4095; x_wconf 83' lang='lat' dir='ltr'>suscepi,</span> <span class='ocrx_word' id='word_1_127' title='bbox 1408 4004 1450 4069; x_wconf 88' lang='lat' dir='ltr'>et</span> <span class='ocrx_word' id='word_1_128' title='bbox 1638 3992 1652 4001; x_wconf 82' lang='grc'><strong>’</strong></span> 
     </span>
    </p>
   </div>
   <div class='ocr_carea' id='block_1_13' title="bbox 174 4104 1450 4230">
    <p class='ocr_par' dir='ltr' id='par_1_13' title="bbox 174 4104 1450 4230">
     <span class='ocr_line' id='line_1_24' title="bbox 174 4104 1450 4230; baseline -0.005 -29"><span class='ocrx_word' id='word_1_129' title='bbox 174 4141 275 4230; x_wconf 85' lang='lat' dir='ltr'>quae</span> <span class='ocrx_word' id='word_1_130' title='bbox 307 4114 523 4227; x_wconf 85' lang='lat' dir='ltr'>peragenda</span> <span class='ocrx_word' id='word_1_131' title='bbox 553 4113 657 4196; x_wconf 85' lang='lat' dir='ltr'>coeii</span> <span class='ocrx_word' id='word_1_132' title='bbox 686 4109 889 4192; x_wconf 86' lang='lat' dir='ltr'>clementia</span> <span class='ocrx_word' id='word_1_133' title='bbox 923 4109 1126 4219; x_wconf 73' lang='lat' dir='ltr'>permitit,</span> <span class='ocrx_word' id='word_1_134' title='bbox 1176 4104 1327 4220; x_wconf 86' lang='lat' dir='ltr'>inquo</span> <span class='ocrx_word' id='word_1_135' title='bbox 1376 4134 1450 4199; x_wconf 81' lang='lat' dir='ltr'>no·</span> 
     </span>
    </p>
   </div>
   <div class='ocr_carea' id='block_1_14' title="bbox 173 4231 1592 4357">
    <p class='ocr_par' dir='ltr' id='par_1_14' title="bbox 173 4231 1592 4357">
     <span class='ocr_line' id='line_1_25' title="bbox 173 4231 1592 4357; baseline -0.007 -32"><span class='ocrx_word' id='word_1_136' title='bbox 173 4246 286 4357; x_wconf 82' lang='lat' dir='ltr'>gotio</span> <span class='ocrx_word' id='word_1_137' title='bbox 316 4244 586 4329; x_wconf 72' lang='lat' dir='ltr'>Commentario</span> <span class='ocrx_word' id='word_1_138' title='bbox 615 4235 775 4325; x_wconf 78' lang='lat' dir='ltr'>made</span> <span class='ocrx_word' id='word_1_139' title='bbox 803 4231 1004 4325; x_wconf 81' lang='lat' dir='ltr'>Mercurio</span> <span class='ocrx_word' id='word_1_140' title='bbox 1032 4239 1073 4321; x_wconf 82' lang='lat' dir='ltr'>iu</span> <span class='ocrx_word' id='word_1_141' title='bbox 1098 4232 1184 4322; x_wconf 83' lang='lat' dir='ltr'>Sole</span> <span class='ocrx_word' id='word_1_142' title='bbox 1211 4260 1275 4321; x_wconf 84' lang='lat' dir='ltr'>an.</span> <span class='ocrx_word' id='word_1_143' title='bbox 1308 4260 1466 4343; x_wconf 79' lang='lat' dir='ltr'>¹7sa·.</span> <span class='ocrx_word' id='word_1_144' title='bbox 1584 4284 1592 4297; x_wconf 83' lang='lat'><strong>·</strong></span> 
     </span>
    </p>
   </div>
   <div class='ocr_carea' id='block_1_15' title="bbox 173 4360 1530 4713">
    <p class='ocr_par' dir='ltr' id='par_1_15' title="bbox 173 4360 1530 4713">
     <span class='ocr_line' id='line_1_26' title="bbox 173 4360 1445 4480; baseline -0.002 -24"><span class='ocrx_word' id='word_1_145' title='bbox 173 4365 288 4480; x_wconf 77' lang='lat' dir='ltr'>uiso,</span> <span class='ocrx_word' id='word_1_146' title='bbox 339 4372 477 4455; x_wconf 85' lang='lat' dir='ltr'>Tomo</span> <span class='ocrx_word' id='word_1_147' title='bbox 506 4369 580 4451; x_wconf 86' lang='lat' dir='ltr'>Vi.</span> <span class='ocrx_word' id='word_1_148' title='bbox 627 4368 780 4454; x_wconf 88' lang='lat' dir='ltr'>Nouor.</span> <span class='ocrx_word' id='word_1_149' title='bbox 824 4360 1092 4449; x_wconf 82' lang='lat' dir='ltr'>Commentar.</span> <span class='ocrx_word' id='word_1_150' title='bbox 1133 4364 1262 4451; x_wconf 84' lang='lat' dir='ltr'>Acad.</span> <span class='ocrx_word' id='word_1_151' title='bbox 1298 4364 1445 4478; x_wconf 78' lang='lat' dir='ltr'>Impar.</span> 
     </span>
     <span class='ocr_line' id='line_1_27' title="bbox 175 4493 1530 4615; baseline -0.003 -34"><span class='ocrx_word' id='word_1_152' title='bbox 175 4528 222 4615; x_wconf 90' lang='lat' dir='ltr'>p.</span> <span class='ocrx_word' id='word_1_153' title='bbox 258 4516 361 4601; x_wconf 86' lang='lat'><em>547.</em></span> <span class='ocrx_word' id='word_1_154' title='bbox 404 4496 504 4606; x_wconf 69' lang='lat' dir='ltr'>stoq.</span> <span class='ocrx_word' id='word_1_155' title='bbox 544 4493 711 4601; x_wconf 81' lang='lat' dir='ltr'>inserta,</span> <span class='ocrx_word' id='word_1_156' title='bbox 758 4496 1035 4606; x_wconf 84' lang='lat' dir='ltr'>compendium</span> <span class='ocrx_word' id='word_1_157' title='bbox 1064 4496 1233 4605; x_wconf 66' lang='lat' dir='ltr'>,aliquod</span> <span class='ocrx_word' id='word_1_158' title='bbox 1282 4494 1445 4602; x_wconf 75' lang='lat' dir='ltr'>afferet,</span> <span class='ocrx_word' id='word_1_159' title='bbox 1512 4506 1530 4607; x_wconf 64' lang='lat' dir='ltr'>J</span> 
     </span>
     <span class='ocr_line' id='line_1_28' title="bbox 243 4620 1445 4713; baseline -0.002 -3"><span class='ocrx_word' id='word_1_160' title='bbox 243 4620 729 4713; x_wconf 83' lang='lat' dir='ltr'>Tom.X.Nou.Comtn.</span> <span class='ocrx_word' id='word_1_161' title='bbox 972 4624 1104 4710; x_wconf 88' lang='lat'>000</span> <span class='ocrx_word' id='word_1_162' title='bbox 1352 4646 1445 4709; x_wconf 88' lang='lat' dir='ltr'>cum</span> 
     </span>
    </p>
   </div>
   <div class='ocr_carea' id='block_1_16' title="bbox 0 0 2250 5809">
    <p class='ocr_par' dir='ltr' id='par_1_16' title="bbox 0 0 2250 5809">
     <span class='ocr_line' id='line_1_29' title="bbox 0 0 2250 5809; baseline 0 11"><span class='ocrx_word' id='word_1_163' title='bbox 0 0 2250 5809; x_wconf 95' lang='lat' dir='ltr'> </span> 
     </span>
    </p>
   </div>
  </div>
 </body>
</html>
