4492 5809
813 592 924 691 aas
1055 540 1886 685 naacntrrro‘tcna

830 805 1009 909 (uariant
1041 809 1149 891 enim
1180 826 1342 893 numero
1371 790 1663 892 et‘in'diusrfis
1694 796 1930 905 indiuiduis,
1970 810 2012 880 et
2053 793 2101 886 in

830 958 912 1027 vno
937 938 1185 1047 eodemque,
1208 934 1298 1017 icil.
1327 930 1500 1043 respeciu
1529 930 1677 1014 huius·
1692 928 1771 1013 vel·
1803 926 1904 1011 iilius
1933 924 2097 1043 lateris)

830 1064 1101 1172 magnitudinis
1148 1060 1342 1165 diuerde,
1388 1059 1527 1145 coloris
1575 1056 1717 1167 bruni,
1768 1082 1792 1140 e
1840 1055 1914 1144 lata
1944 1053 2102 1168 fixaque

831 1188 907 1277 basi
958 1192 1079 1275 subito
1126 1194 1167 1273 in
1213 1207 1368 1273 acutum
1412 1190 1563 1299 apicem
1595 1182 1815 1293 termlnatl,
1842 1180 2015 1297 ttriisqrre
2049 1188 2102 1271 ab

829 1318 916 1403 imo
948 1321 996 1403 ad
1029 1318 1223 1403 summum
1255 1316 1592 1427 lungitudinalibtts
1617 1315 1769 1399 exaran.
1833 1310 1982 1399 Hortum
1999 1337 2105 1404 reus

831 1446 872 1530 in
907 1448 988 1531 ima
1019 1446 1144 1531 fronte
1176 1446 1466 1547 interuentus,
1499 1469 1668 1556 paruus3
1708 1445 1788 1531 dun
1822 1444 2002 1554 utrinque
2045 1442 2101 1529 ad

808 1574 1064 1687 -fnperiorem
1116 1574 1264 1661 orbitae
1305 1576 1523 1684 marginem
1539 1576 1573 1679 ,'
1602 1570 1753 1657 mediae
1797 1562 2102 1682 magnitudinis,

680 1783 685 1791 .
736 1783 750 1816 ,
831 1720 906 1789 tres
937 1702 978 1791 in
1007 1700 1335 1789 contractiorem
1365 1720 1520 1787 crenato
1551 1699 1650 1785 dorii
1682 1700 1890 1810 margine,
1934 1726 2101 1812 qnorum

831 1834 1002 1917 anterior
1034 1856 1200 1942 parurn,
1231 1832 1481 1914 intermedius
1511 1828 1667 1914 mediae
1699 1824 1994 1940 magnitudinis,
2026 1854 2105 1941 po-

829 1960 962 2046 lieriot
994 1960 1223 2080 martimum,
1272 1956 1324 2039 ad
1351 1954 1480 2061 latera¹
1501 1955 1599 2042 dorfi
1631 1960 1741 2070 duo,
1784 1982 1950 2067 qnorum
1983 1960 2104 2069 polii-

830 2112 896 2173 cus
944 2087 1178 2198 maximus;
1246 2110 1368 2195 porto
1413 2084 1579 2197 quiaque
1627 2085 1692 2171 alii
1743 2087 1954 2196 utrinqne,
2005 2088 2103 2172 inter

831 2216 987 2303 dorium
1022 2234 1063 2299 nt
1091 2215 1312 2304 abdomen.
1344 2213 1387 2295 in
1416 2212 1520 2299 resta
1551 2213 1631 2300 sere
1662 2242 1707 2300 ac
1733 2213 2009 2325 longitudinali.
2044 2216 2099 2297 lie·

831 2347 889 2435 rie
922 2342 1119 2453 dispoliti,
1153 2342 1278 2427 variae
1308 2343 1612 2455 magnitudinia5
1658 2344 1753 2429 inda
1779 2342 1856 2427 hos
1900 2344 2096 2430 minorum

833 2492 932 2555 tntis
959 2469 1136 2579 riserunt
1166 2470 1330 2577 denique
1362 2473 1400 2552 in
1428 2490 1613 2555 extremo
1642 2457 1755 2559 limbi
1784 2473 2003 2559 abdominis
2034 2490 2095 2560 at·

832 2598 982 2687 tenuati
1017 2597 1189 2705 margine
1228 2615 1335 2701 cres,
1381 2596 1465 2683 fitis
1513 2597 1666 2708 ualidi,
1706 2624 1870 2711 quonrm
1916 2605 2095 2689 mternte-

832 2726 916 2813 dius
946 2726 1077 2816 aurien
1107 2724 1226 2843 paulu
1255 2724 1450 2835 propior,
1494 2753 1611 2838 quam
1651 2730 1814 2839 postico.
1891 2724 2020 2843 Caput
2047 2732 2098 2815 ab

832 2854 1108 2969 ipsocorpus
1139 2855 1265 2940 minus
1295 2850 1543 2961 dillindum,
1572 2856 1774 2976 eidemque
1812 2861 1966 2970 penitus
2001 2858 2094 2971 uun

832 2980 1084 3091 immersum3
1118 2979 1208 3065 hinc
1226 3000 1369 3067 totum
1397 2985 1542 3093 piscem
1569 2994 1685 3095 capnt
1714 2988 1818 3100 eise,
1851 2988 1961 3073 ficile
1992 2989 2098 3073 dite-

830 3110 898 3197 tis.
962 3109 1130 3195 Vestinis
1156 3129 1197 3193 et
1228 3108 1364 3195 frontis
1391 3112 1504 3220 regio
1533 3110 1784 3228 planinstula·,
1828 3116 2000 3201 ambires
2032 3142 2090 3201 au·

816 3256 914 3331 ,tem
945 3238 1048 3323 circa
1077 3236 1276 3323 maxillam
1307 3238 1533 3349 firpcrinrrm
1569 3266 1778 3327 connexus
1856 3244 1917 3331 Os
1967 3270 2093 3357 pamn-

830 3366 962 3461 lnm‚
1010 3363 1287 3466 horizontrle,
1334 3392 1539 3478 perparum
1590 3375 1847 3481 prominens,
1891 3375 2088 3461 nostratum

830 3495 1103 3603 potiusquam
1136 3494 1334 3578 dentatum
1365 3496 1588 3583 dieetrdttm:
1617 3521 1772 3612 utraque
1802 3501 1911 3585 enim
1941 3504 2095 3587 maxillr
2204 3553 2205 3574 i

831 3618 948 3715 snlidn
982 3618 1155 3731 nunqua
1188 3620 1327 3707 iamin
1355 3622 1443 3733 eli,
1472 3626 1692 3715 litbllantiae
1731 3631 1881 3737 offere,
1930 3634 2095 3717 exterius
2204 3577 2205 3672 i

833 3770 1044 3861 connexa,
1095 3748 1248 3836 interius
1295 3771 1495 3859 concaua,
1543 3759 1849 3870 marginibuaqne
1895 3756 2095 3846 meantium
2203 3793 2204 3860 l

723 3896 730 3909 ·
830 3876 1013 3989 praedita·
1080 3873 1249 3968 Maxilla
1279 3874 1477 3989 superior,
1507 3882 1760 3989 claustrum,
1803 3886 1914 3996 super
1943 3889 2092 3973 inieriu
2203 3885 2205 3964 l

698 4010 701 4017 ’
829 4024 915 4095 tem
945 4002 1118 4089 obtusam
1149 4002 1301 4089 deflexa
1322 4003 1544 4096 ..adunca.'.
1583 4012 1714 4099 Lrbia
1727 4013 1807 4099 oris
1836 4017 1951 4102 nulla.
2013 4017 2092 4105 Na·
2202 4101 2203 4128 ,

833 4133 935 4217 rium
967 4129 1153 4217 foramina
1186 4132 1362 4245 rtrinque
1393 4138 1504 4247 dun,
1539 4142 1749 4252 contigua,
1779 4146 1821 4228 in
1851 4144 1986 4231 aurien
2025 4170 2087 4229 nr·
2202 4187 2204 4248 7

833 4254 935 4347 bitae
967 4261 1142 4367 margine
1181 4257 1258 4351 fin.
1320 4259 1472 4379 Oculi,
1521 4269 1693 4381 resperni
1738 4272 1789 4357 nd
1819 4272 1955 4383 integri
1985 4274 2091 4386 piir'u

831 4384 1136 4495 magnitudinem
1167 4386 1332 4500 habito,
1382 4398 1548 4509 magni,
1580 4400 1944 4514 perpendiculares,
1992 4403 2094 4489 terni
2201 4487 2202 4514 Ν

831 4515 927 4630 etth
952 4514 1167 4611 eommunia
1208 4520 1423 4637 propagine
1467 4526 1644 4617 omani·
1692 4526 1845 4623 tridibu
1894 4531 2094 4650 argenteis
