4492 5809
575 531 1057 662 amatolaliit·
1359 556 1443 641 135
1542 636 1544 640 ,

768 770 868 861 DE

183 953 597 1093 ttusrout
710 954 1445 1081 ruomortoua

269 1152 545 1265 tuernout
575 1150 998 1240 maturuerunt
1043 1152 1350 1241 iuuentute,

689 1410 947 1505 Aumore
1062 1382 1066 1391 ¹

550 1567 1067 1662 t.EVLEto

176 1971 328 2247 Ad
359 2042 590 2130 methodum
625 2040 859 2155 tangentium
894 2040 1075 2129 imterlam
1108 2038 1231 2131 referri
1262 2043 1377 2130 solent
1403 2052 1447 2133 ea
1501 2128 1505 2135 .

335 2176 602 2285 problemata,
635 2170 776 2281 quibua
792 2176 981 2257 eiusmodi
1016 2177 1135 2257 lineae
1165 2196 1300 2257 euruue
1331 2199 1445 2283 quae·

176 2322 340 2407 tantur,
388 2326 482 2413 quae
534 2324 632 2385 certa
665 2299 829 2410 quadam
864 2305 1089 2411 praelcripta
1124 2301 1357 2410 proprietate
1386 2326 1449 2385 ra·

180 2432 288 2509 tione
322 2430 554 2539 tangentium
586 2429 658 2512 smt
690 2429 913 2539 praeditae3
957 2448 997 2512 et
1027 2452 1115 2513 cum
1149 2450 1222 2538 per
1239 2447 1450 2541 ‘tangentes

174 2552 348 2637 diteeiio
382 2557 518 2637 tractus
547 2578 746 2637 eumarum
780 2556 1080 2657 determinetur,
1132 2558 1178 2637 'ae
1209 2573 1340 2638 mutua
1389 2578 1450 2639 te·

173 2680 320 2763 latione
351 2681 654 2765 differentialium
701 2680 1012 2763 coordinatarum
1061 2681 1339 2788 contineatur,
1381 2683 1449 2769 illa

173 2804 382 2890 methodus
427 2807 599 2892 larissime
649 2824 784 2917 patet,
832 2828 942 2915 atque
995 2809 1124 2891 omnia
1178 2807 1447 2917 problemata,

172 2936 307 3041 quibus
342 2937 564 3043 praescripta
598 2936 804 3041 proprietas
855 2928 1110 3018 differentialia
1163 2935 1356 3041 inuoluit,
1409 2940 1449 3023 in

172 3063 212 3142 le
241 3058 523 3169 complestitur.
591 3047 672 3145 llac
706 3060 899 3159 methodo
930 3063 1092 3171 plurima
1125 3060 1484 3170 passimexillunt'

174 3188 413 3297 problemata
430 3188 563 3295 soluta,
596 3190 767 3299 equibus
799 3186 970 3293 Analyfis
1004 3186 1242 3275 infinitorum
1271 3190 1444 3277 maxima

172 3317 274 3424 cepit
306 3318 576 3427 incrementa3
610 3336 741 3399 verum
779 3314 1015 3427 problemata
1048 3340 1100 3399 eo
1133 3320 1359 3425 pertinentia
1393 3320 1444 3405 ad

170 3442 315 3528 diuersa
360 3466 499 3552 genera
551 3441 760 3527 reuocanda
810 3442 1016 3533 uidentur,
1068 3465 1201 3553 Prout*
1230 3448 1446 3557 proprietas

178 3571 424 3684 praescripta,
456 3570 519 3653 uel
549 3570 606 3656 ad'
626 3570 762 3681 singula
800 3587 948 3654 tantum
990 3596 1123 3655 cutuae
1157 3574 1339 3682 puncta,
1388 3574 1451 3659 uel

171 3694 223 3782 'ad
256 3698 340 3822 bipa
370 3700 475 3808 plura
496 3723 560 3804 ve,
579 3700 706 3782 immo
737 3684 904 3803 infinita,
936 3700 1100 3809 respicit·
1166 3702 1296 3810 Atque
1328 3700 1450 3786 adhuc
1522 3798 1527 3811 Ι

172 3826 333 3937 quidem
370 3828 438 3909 alia
467 3826 703 3937 problemata
736 3828 810 3909 vix
856 3828 1114 3937 reperiuntur
1143 3828 1299 3910 tractata
1320 3852 1350 3933 ‚‘
1381 3827 1452 3913 nist

170 3952 212 4035 in
247 3954 376 4061 quibus
404 3957 619 4063 proprietas
649 3950 893 4063 praescripta,
924 3952 989 4035 uel
1023 3953 1070 4037 ad
1109 3952 1264 4061 lingula
1314 3977 1484 4046 curuata¹

169 4078 325 4195 punl‘tu,
359 4080 418 4163 vel
449 4083 496 4166 ad
530 4082 636 4187 bina,
670 4082 859 4178 refertur,
886 4104 981 4191 quae
1011 4079 1127 4187 igitur
1159 4076 1449 4191 primovelse·

170 4211 300 4295 cundo
332 4212 461 4321 generi
493 4212 607 4293 ellent
638 4206 925 4291 annumeranda

320 4364 360 4421 a.
398 4336 509 4451 Quae
540 4336 758 4442 distinetio,
790 4359 881 4418 cum
917 4334 1042 4420 minus
1075 4332 1118 4419 lit
1148 4334 1312 4440 nstrum,
1364 4360 1444 4446 quo

165 4466 302 4555 elatius
353 4466 611 4579 percipiatur,
658 4489 748 4548 eam
798 4464 992 4578 exemplis
1042 4466 1090 4551 ad
1132 4462 1273 4577 lingrrla
1303 4487 1442 4575 genera

1318 4590 1448 4706 Perti!
