4492 5809
778 596 845 697 ”rt
1012 588 1014 603 ‘
1214 577 1332 687 »ἱεῖς
1364 581 1382 683 )
1411 596 1440 663 0
1474 575 1493 679 (
1523 572 1641 684 &1³3⁴-

780 810 1017 905 Pariliensrs
1046 833 1153 898 anno
1188 810 1327 911 1734'.
1358 806 1518 890 Tamen
1557 802 1602 888 in
1637 802 1828 889 omnibus
1866 798 1932 888 his
1964 820 2059 887 me·

778 946 929 1035 'rhodis
977 948 1068 1028 iure
1112 937 1245 1026 adhuc
1274 936 1485 1026 desiderari
1518 932 1680 1047 potest,
1710 936 1820 1045 quod
1852 931 2057 1021 nonsatis

789 1077 869 1161 stnt
900 1074 1109 1188 expeditae
1141 1088 1184 1155 et
1214 1068 1456 1153 commodae
1482 1063 1628 1171 quauis
1658 1062 1860 1175 ocmfione
1908 1060 2054 1145 celeri·
2113 1121 2116 1127 -

779 1206 919 1292 'tatem
947 1208 1173 1289 uentorum
1205 1191 1512 1278 determinandi.
1576 1186 1731 1301 Scopun
1764 1195 1895 1305 igitur
1913 1187 2051 1302 differi·

790 1337 955 1420 tationis
987 1333 1040 1415 est
1073 1322 1322 1409 methodum
1340 1323 1343 1327 “
1361 1316 1692 1404 commodiorem
1734 1337 1777 1403 et
1825 1319 2052 1431 expeditio.-

790 1487 882 1546 rem
912 1457 1113 1545 exhibere.
1181 1456 1249 1543 Ad
1281 1448 1391 1533 hunc
1429 1448 1597 1560 scopum
1641 1448 1922 1538 obtinendum·
1955 1475 2052 1537 con·

779 1590 933 1677 'iunxit
965 1589 1051 1673 duo
1084 1583 1350 1671 instrumenta
1382 1576 1474 1663 satis
1494 1574 1586 1662 'iam
1618 1598 1746 1685 nota,
1778 1576 1964 1667 alterum·
1997 1580 2054 1664 ell

781 1722 878 1807 ³uiri
911 1718 1165 1806 celeberrimi
1197 1712 1402 1829 quondam
1453 1708 1642 1821 Borgueri
1662 1774 1685 1822 r.
1722 1706 1901 1795 alterum
1947 1706 2054 1793 cele-

785 1834 963 1938 berrimi
996 1846 1219 1936 Smcatonii
1251 1840 1375 1951 angli.
1426 1837 1754 1950 Instrumentum
1785 1838 1971 1952 Bouguert'
2000 1839 2056 1923 est

740 2055 742 2059 ,
780 1982 1043 2093 ’descriptum
1073 1977 1116 2057 in
1133 1976 1219 2058 eius
1236 1970 1409 2087 tractatu
1441 1971 1500 2053 de
1521 1970 1633 2077 naui,
1661 1985 1703 2053 et
1733 1970 1791 2057 est
1818 1992 2057 2055 anemome-

781 2125 914 2193 trum
952 2100 1267 2213 ingeniosissime
1311 2098 1624 2206 excogitatum,
1673 2117 1715 2184 et
1763 2098 2058 2211 simplicissime

787 2234 1040 2329 ‘consedum
1106 2228 1298 2320 Consistit
1329 2225 1434 2315 illud
1466 2227 1693 2335 generatim
1723 2226 1767 2311 in
1797 2228 1947 2315 elatere
1975 2229 2060 2339 spi·

798 2364 877 2451 rali
909 2366 1008 2450 tubo
1038 2360 1227 2470 incluso,
1258 2356 1332 2470 qui
1361 2378 1385 2442 a
1416 2374 1576 2465 rento,
1610 2358 1767 2442 maiore
1796 2378 1837 2445 et
1871 2360 2058 2464 minore,
2091 2440 2103 2463 ,

799 2496 931 2607 magis
961 2495 1174 2603 minusque
1206 2486 1364 2574 intrudi
1397 2482 1529 2592 solet,
1560 2484 1593 2571 fi
1625 2485 1772 2576 scilicet
1803 2487 1974 2602 planum
2005 2508 2062 2571 ex

784 2624 938 2710 charra
967 2618 1196 2711 confectum
1229 2614 1366 2701 elateri
1398 2613 1621 2723 adfixum,
1659 2635 1784 2703 uento
1807 2620 2057 2703 obuertatur.

796 2748 875 2845 Sed
907 2774 1041 2863 quum
1072 2748 1157 2831 line
1187 2744 1335 2853 figuris
1367 2741 1566 2827 structura
1617 2742 1742 2829 huius
1790 2744 2064 2861 anemometri

795 2880 985 2967 distincte
1015 2871 1195 2990 intelligi
1224 2889 1267 2956 et
1298 2871 1581 2982 repraesentari
1624 2891 1821 2989 nequeat:
1844 2861 2067 2962 'ledrorem

796 3010 847 3097 ad
879 3004 1166 3123 inspiciendam
1200 3000 1381 3109 figuram
1411 3003 1626 3087 remittere
1654 3008 1856 3113 cogimur.
1917 3005 1962 3093 si
1980 3004 2068 3113 igi·

721 3161 724 3170 ’
801 3158 873 3225 tur
905 3148 1237 3223 anemometrum
1269 3127 1353 3248 οΙιοε
1393 3127 1690 3246 Bouguerionum
1737 3132 1952 3248 celeritatis
1991 3134 2067 3219 ab·

746 3296 752 3305 ·
795 3265 949 3356 solutae
981 3278 1205 3347 uentorum
1229 3258 1383 3365 gradus
1417 3260 1638 3347 monstrare
1669 3262 1812 3367 debet3
1844 3288 1948 3374 opus
1980 3246 2066 3370 est,

797 3414 848 3480 vt
877 3392 1076 3477 celeritate
1108 3389 1266 3499 aequali
1293 3406 1337 3472 et
1367 3390 1567 3475 vnimrmi
1600 3410 1740 3475 contra
1772 3395 1909 3475 a‘c'rem
1939 3395 2068 3501 quie-

799 3538 894 3607 tum
938 3534 1153 3605 moueatur
1192 3514 1247 3599 et*
1266 3513 1343 3604 hac
1375 3520 1530 3604 ratione
1561 3517 1788 3605 uelocitatis
1818 3520 1962 3628 gradus
2001 3521 2067 3608 fi-

799 3649 894 3736 mul
924 3650 968 3733 in
1000 3672 1050 3733 eo
1078 3641 1225 3753 fignafri
1254 3661 1415 3763 queant.

787 3798 790 3805 ·
858 3784 862 3792 ’
953 3774 1096 3862 Motus
1126 3761 1332 3859 circularis
1365 3774 1541 3861 Austori
1573 3774 1641 3860 hic
1690 3778 1853 3862 uidetur
1904 3777 2070 3889 aptilsr-

799 3929 928 4011 mus,
956 3930 1083 4017 quem
1113 3931 1192 4015 ope
1225 3899 1437 3989 machinae
1453 3902 1674 3991 Smeatonii
1708 3896 1903 3991 facillime
1932 3906 2070 4019 perfi-

799 4059 887 4155 cere
922 4035 1139 4120 existimat.
1205 4030 1415 4144 Descripta
1447 4036 1503 4119 est
1535 4029 1631 4118 haec
1659 4034 1845 4118 machina
1865 4034 1958 4119 Vol.
1979 4036 2088 4142 LI,

780 4160 1006 4245 'Transatl
1036 4160 1143 4269 angl.
1227 4159 1352 4245 Vsus·
1371 4163 1427 4248 est
1456 4186 1500 4245 er
1531 4158 1723 4255 Smcaton
1755 4150 1955 4249 occasione
1983 4187 2076 4249 ex-

782 4292 1134 4399 ·perimentorum
1167 4286 1272 4373 circa
1302 4314 1425 4400 aquae
1456 4308 1498 4374 et
1538 4292 1652 4374 uenti
1671 4283 1803 4375 “vires
1852 4292 2080 4377 instituto-

800 4442 913 4504 rum.
978 4416 1067 4526 Ipsa
1103 4412 1287 4501 machina
1318 4417 1498 4503 distincte
1528 4419 1600 4528 per
1629 4418 1809 4525 figuram
1827 4419 1882 4502 est
1898 4440 2084 4530 reprae-

798 4548 982 4656 sentata,
1014 4547 1070 4632 ita
1103 4561 1152 4629 ut
1184 4543 1379 4637 vlterIore
1406 4546 1496 4633 eius
1521 4547 1785 4665 descriptione
1802 4544 1888 4633 <hic
1917 4550 2086 4662 liuper-

802 4702 807 4713 '
877 4711 879 4717 ·
1405 4714 1412 4725 ·
1477 4701 1481 4712 ’
1875 4719 1879 4725 <
1931 4678 2092 4779 sedere
