4492 5809
469 568 1159 719 PARALLAXEOS.
1347 600 1432 684 44¹

170 802 280 889 nestri
307 798 425 913 globo
457 806 631 890 occurrit.
714 794 926 891 Genemur
956 802 1129 890 rniuerd
1159 800 1252 897 hate
1281 800 1434 914 supcrfi·
1449 791 1631 915 Taoxvi.

171 936 253 1017 cies
303 931 490 1018 rotatione
524 932 669 1018 circuli
715 930 846 1021 ΑΒΗ
895 936 997 1019 circa
1027 933 1179 1046 rediam
1210 928 1310 1044 AB;
1347 934 1441 1019 dum
1466 894 1540 1000 ng·
1569 920 1604 969 ²·

172 1084 273 1145 uero
301 1059 379 1143 hoc
411 1058 488 1161 fit,
538 1088 620 1171 pars
649 1062 758 1147 huius
788 1064 918 1148 circuli
939 1078 1029 1177 pq,
1061 1064 1101 1147 iu
1136 1061 1300 1147 Terram
1344 1066 1442 1149 inci·

171 1190 293 1290 dens,
335 1212 430 1289 ‘cum
465 1190 672 1298 proceda
703 1189 838 1275 haberi
877 1210 1025 1302 queat,
1073 1192 1249 1275 describit
1295 1188 1439 1276 nonam

172 1318 406 1424 quandam,
444 1301 515 1401 'aut
570 1316 747 1402 annulum
805 1320 1026 1424 conicum,
1077 1320 1336 1428 pertinentem
1393 1320 1442 1405 ad

171 1443 411 1553 superficiem
482 1449 572 1529 coni
621 1444 751 1552 redii,
800 1450 894 1531 axin
943 1445 1119 1529 habentis
1158 1448 1304 1532 redium
1343 1444 1441 1533 ΑΒ.

172 1571 300 1655 Facile
348 1591 476 1655 autem
527 1593 664 1683 pacet.
712 1573 832 1658 sdium
870 1574 973 1659 hunc
1014 1572 1195 1657 annulum
1229 1577 1441 1679 conicum,

169 1718 433 1811 praetereaque
462 1700 608 1785 nullam
641 1703 756 1789 aliam
790 1704 904 1789 totius
934 1700 1142 1812 superficiei
1160 1704 1297 1813 saepius
1313 1704 1442 1787 didiae

170 1845 353 1938 partem,
399 1826 640 1939 superficiem
672 1829 838 1913 Telluris
865 1835 987 1913 secare
1019 1831 1157 1939 poffe,
1189 1830 1291 1914 unde
1321 1832 1443 1941 quiuis

170 1954 334 2040 Telluris
361 1954 467 2040 locus
499 1975 587 2042 tuuc
618 1956 905 2042 immerfionem
940 1974 1004 2041 aut
1034 1954 1283 2043 emerfiouem
1309 1954 1446 2044 Plane-

168 2101 235 2172 tae
266 2082 506 2191 conspiciet,
555 2087 650 2171 dum
683 2088 724 2168 in
755 2085 957 2168 communi
999 2082 1269 2169 intersedione
1317 2086 1445 2197 super·

171 2208 276 2295 ficiei
327 2210 506 2295 terrestris
561 2212 759 2323 annulique
807 2212 919 2296 huius
967 2214 1146 2295 versatur.
1241 2210 1445 2299 Diametri

172 2338 315 2422 badum
348 2337 460 2421 huius
508 2339 634 2423 annuli
685 2328 781 2425 non'
815 2338 1019 2425 difficulter
1069 2336 1374 2450 inuestigantur3
1414 2337 1446 2425 sr

173 2466 285 2548 enim
318 2464 472 2570 angulus
502 2462 619 2573 Bup
652 2484 812 2546 uocetur
863 2468 933 2571 ψ,
983 2464 1138 2570 angulus
1182 2488 1277 2548 uero
1325 2464 1446 2577 unq

173 2594 324 2676 dicatur
359 2584 449 2697 das,
489 2591 563 2675 crit
609 2589 890 2674 semidiametet
937 2587 1063 2673 baseos
1110 2585 1338 2697 superioris,
1383 2592 1446 2678 seu
1496 2596 1498 2601 ’

172 2716 258 2804 Soii
291 2717 514 2829 propioris,
565 2718 754 2824 proxime
807 2715 1065 2825 :Dsrn.dr,
1096 2714 1226 2803 baseos
1256 2742 1351 2803 vero
1383 2719 1447 2803 in·
1531 2769 1533 2773 ·

173 2844 325 2931 ferioris
357 2840 630 2951 :Dfin.d›'.

329 2972 464 3085 Liquet
497 2994 643 3074 autem,
677 2974 739 3058 rei
771 3000 824 3065 ex
854 2974 934 3060 solo
952 2973 1091 3088 figurae
1110 2976 1270 3089 iutuitu,
1301 2995 1444 3065 rtrum·

171 3126 252 3215 que
285 3101 425 3189 horum
457 3102 760 3213 anguiommxp
803 3124 844 3190 et
884 3098 951 3212 ds
989 3105 1036 3189 ab
1082 3108 1224 3217 angulo
1271 3096 1315 3215 Φ
1359 3134 1445 3221 pcr-

169 3256 315 3344 parum
366 3230 533 3316 differre.
606 3228 838 3317 Differentia
871 3236 979 3319 enim
1013 3233 1106 3317 haec
1138 3235 1361 3345 angulorum
1397 3234 1445 3345 ψ

168 3379 216 3445 et
250 3352 316 3469 ψ’
348 3362 396 3445 ab
425 3348 642 3473 angulo'd)
688 3384 879 3472 uunquam
929 3361 1099 3476 superare
1147 3364 1272 3473 potest
1321 3362 1447 3474 paral·

169 3488 280 3573 laxiu
313 3484 414 3575 Solis
444 3488 760 3600 horizontarern,
794 3491 869 3576 srue
900 3491 1116 3601 angulum,
1168 3490 1232 3575 sub
1262 3515 1340 3602 quo
1387 3493 1447 3574 fir·

167 3619 418 3703 midiamerer
449 3618 490 3700 T
490 3640 595 3701 errae
642 3640 695 3701 ex
726 3614 825 3702 Solis
855 3640 989 3704 centro
1037 3619 1299 3731 conspicitur,
1346 3622 1448 3706 vnde

166 3746 380 3831 neceflario
412 3764 599 3859 perpetuo
629 3746 686 3830 eii
714 3745 926 3834 admodum
963 3772 1091 3852 parua.
1152 3744 1284 3830 Modo
1321 3745 1447 3858 itaque

168 3861 225 3977 Φ
256 3897 335 3956 non
364 3874 409 3958 fit
437 3875 662 3976 admodum¹
686 3900 882 3987 paruum,
932 3872 1186 3958 differentiam
1228 3870 1328 3955 hanc
1379 3898 1447 3956 ne·

163 4001 354 4111 gligere,
401 4024 443 4086 et
487 4003 695 4114 utriusque
731 4003 858 4085 baseos
902 4000 1232 4084 semidiametrum
1263 4024 1284 4083 a
1315 3998 1446 4084 valore

164 4118 352 4234 Diod)
383 4130 596 4215 senfibiiirer
645 4154 723 4213 non
775 4128 978 4232 aberrare,
1032 4126 1241 4237 supponere
1288 4126 1445 4219 licebit.

161 4256 310 4343 saitem
345 4260 394 4342 de
431 4260 587 4343 relatiua
637 4259 828 4367 utriusque
876 4255 1148 4341 semidiametri
1194 4255 1242 4341 ad
1297 4256 1447 4341 radium

162 4388 330 4473 Terrae
363 4386 653 4498 magnitudine,
693 4382 912 4471 extraduce
944 4372 1117 4492 Diod)
1149 4402 1234 4471 tuto
1273 4384 1357 4471 satis
1388 4385 1448 4470 iu·
1481 4464 1483 4469 .

161 4514 298 4604 dicari
329 4517 482 4626 poterit.
528 4516 649 4602 ¹Tros
681 4530 812 4603 autem
842 4512 1069 4625 distinguere
1100 4530 1189 4603 tune
1217 4510 1313 4601 licet
1328 4510 1446 4619 cairo,

248 4639 732 4779 Tom·X.Nou.Comm.
981 4640 1106 4731 Kkk
1421 4639 1451 4733 d
1604 4742 1607 4749 ,
