4492 5809
294 1074 1246 1307 ιιΑΤιιιιιιΑΤιοιι

774 1391 812 1481 1,
954 1366 1011 1403 ..

35 1730 37 1737 ,
158 1584 257 1711 De
310 1574 672 1710 Reduetione
738 1576 1123 1702 formularum
1174 1575 1426 1743 integra·
1581 1587 1587 1597 ’

242 1756 381 1881 lium
423 1753 496 1877 ad
534 1746 1014 1877 redificationem
1050 1745 1254 1923 ellipsis
1273 1771 1341 1874 et

609 1923 987 2093 hyperbolae.

260 2196 529 2325 Auctore
592 2200 778 2351 Leon.
823 2194 1042 2323 Eulero
1082 2230 1220 2365 pag.
1264 2234 1316 2349 ς.

326 2560 400 2621 uae
431 2534 678 2648 quantitates
711 2538 897 2625 numeris
930 2564 1062 2655 neque
1096 2536 1268 2649 integris
1297 2558 1430 2652 neque

357 2665 510 2773 nattis,
542 2694 677 2779 neque
706 2673 836 2755 etiam
866 2670 992 2757 surdis
1025 2668 1096 2756 vel
1123 2667 1431 2758 irrationalibus

358 2788 547 2873 exhiberi.
571 2794 754 2901 possunt,
770 2802 1088 2881 transcendentes
1115 2802 1254 2883 vocari
1283 2795 1433 2903 solent,

153 2942 331 3031 quarum
360 2939 463 3023 ergo
495 2918 656 3001 valores
693 2944 776 3004 non
816 2922 937 3004 aliter
986 2921 1062 3007 nisi
1112 2926 1305 3039 proxime
1354 2947 1431 3037 pet

154 3068 349 3142 numeros
381 3046 614 3175 exprimere
652 3044 759 3131 licet.
808 3048 951 3135 vDari
1001 3069 1144 3139 autem
1183 3051 1428 3138 huiusmodi

155 3178 393 3288 quantitates
424 3175 692 3297 certissimum
724 3175 811 3280 est,
849 3176 1008 3261 etiamsi
1048 3184 1156 3265 ratio
1194 3182 1247 3268 ob
1285 3178 1429 3265 infini-

158 3307 372 3429 tudinem,
421 3330 525 3415 quae
557 3302 621 3427 das
654 3302 872 3389 excludere
910 3305 1182 3415 videtur‚a
1223 3303 1429 3419 plerisque

157 3436 293 3520 minus
325 3435 509 3539 distinete
544 3428 837 3547 perspiciatur;
867 3420 924 3519 id
964 3438 1075 3546 quod
1112 3432 1307 3551 exemplo
1349 3462 1428 3521 no·

160 3564 308 3651 tiffimo
344 3561 601 3675 peripheriae
637 3564 820 3670 circuli,
865 3564 984 3647 cuius
1024 3566 1220 3652 diameter
1268 3566 1428 3650 vnitate

16 3784 17 3787 Ν
159 3693 389 3802 indicetur,
421 3695 632 3779 euidenter
663 3694 855 3782 declarari
890 3694 1029 3807 potest.
1093 3690 1281 3781 Nullum
1312 3694 1428 3779 enim

155 3826 210 3909 est
236 3825 446 3933 dubium,
473 3830 574 3937 quin
607 3826 811 3933 quantitas
842 3822 967 3909 huius
1006 3823 1260 3939 peripheriae
1308 3820 1427 3909 valo·

16 3998 18 4031 ι
154 3977 245 4037 rem
277 3952 421 4039 habeat
449 3956 624 4065 omnino
653 3953 1002 4059 determinatum,
1027 3975 1153 4067 quem
1171 3954 1274 4039 adeo
1286 3954 1428 4072 primo

142 4074 316 4173 'intuitu
346 4085 499 4169 constat
528 4084 636 4167 intra
666 4084 886 4184 limitess
920 4099 961 4167 ct
994 4106 1028 4185 4
1058 4082 1273 4169 contineri.
1336 4080 1425 4166 Ve-

153 4238 250 4301 rum
285 4214 397 4297 intra
427 4211 504 4319 hos
532 4209 694 4299 limites
716 4206 1041 4299 innumerabiles
1052 4210 1242 4299 constitui
1260 4206 1423 4321 possunt

152 4342 362 4433 stastiones
395 4344 552 4427 ratione
582 4343 944 4429 denominatorum
973 4336 1262 4459 discrepantes,
1284 4340 1427 4427 cuius·
1553 4411 1571 4437 „

154 4475 266 4561 mod
300 4470 569 4584 fimpliciores
599 4477 721 4561 sunt:
1414 4560 1424 4573 ,

244 4624 782 4729 ruretenent,
818 4601 1425 4831 a÷‚a}‚at‚at‚'etcet'

759 4774 781 4833 a
818 4770 844 4849 a
1012 4806 1021 4831 .
