4492 5809
621 770 625 780 ,
810 648 904 749 448
1140 620 1784 724 DEEFFECTV

809 866 952 980 polus,
998 864 1119 978 fitque
1171 861 1249 949 hoc
1289 858 1475 977 punctum
1505 802 1549 973 p.
1644 852 1821 945 Ducatur
1861 850 1981 941 reeta
2022 844 2105 965 Cp,

810 1013 849 1079 et
881 990 950 1083 Cn
981 986 1052 1079 fiat
1081 989 1231 1107 :Cp
1319 990 1385 1077 Ex
1418 984 1453 1071 B
1484 991 1641 1073 ducatur
1669 1010 1740 1097 pet
1769 1012 1795 1070 n
1827 983 1940 1070 resia
1979 978 2101 1084 Bur,

808 1147 854 1210 ac
887 1146 942 1210 ex
971 1146 996 1210 r
1024 1125 1202 1231 utrinque
1233 1116 1497 1203 abscindantur
1529 1140 1633 1200 arcus
1663 1136 1715 1201 rs
1745 1134 1785 1197 et
1816 1138 1895 1226 tq,
1951 1110 2100 1197 dissau-

808 1250 885 1335 tiae
913 1250 1112 1363 petimetti
1145 1244 1277 1349 circuli
1309 1246 1375 1331 hic
1406 1244 1640 1331 describendi
1672 1242 1817 1353 apulo
1848 1242 1918 1326 suo
1955 1242 2112 1351 aequa·'

808 1377 882 1462 les.
975 1375 1179 1466 Ducentur
1218 1399 1339 1488 porto
1375 1398 1429 1459 ex
1468 1371 1528 1481 B,
1569 1398 1638 1484 per
1669 1394 1697 1483 q
1727 1389 1767 1454 et
1799 1396 1819 1454 s
1851 1368 1978 1454 restae
2011 1367 2097 1481 Bq,

798 1502 910 1608 Bt,
935 1530 1032 1617 quae
1064 1506 1187 1621 EQ,
1220 1504 1244 1589 sr
1276 1526 1403 1614 opus,
1436 1501 1662 1615 productam
1697 1498 1819 1582 secent
1851 1501 1891 1581 in
1923 1512 1942 1581 t
1976 1521 2020 1582 ct
2050 1523 2092 1583 o.

810 1633 938 1725 Reda
968 1648 1023 1721 ot
1054 1634 1237 1720 bisecetur
1269 1632 1310 1715 in
1343 1633 1390 1735 k,
1421 1658 1464 1718 ac
1497 1632 1535 1713 in
1568 1629 1672 1715 resta
1703 1622 1773 1741 Cp
1806 1622 2091 1742 fiatcszct,

811 1779 854 1847 et
874 1762 1080 1876 sgzuic.
1146 1758 1293 1876 Quodsi
1325 1778 1416 1844 tunc
1449 1777 1580 1844 centro
1601 1758 1650 1875 f,
1683 1756 1792 1841 radio
1812 1750 1882 1871 gs,
1900 1758 2089 1843 describa-

809 1908 873 1977 tut
901 1888 1057 1975 circulus
1086 1889 1204 1999 lgm,
1235 1884 1379 1972 sadum
1412 1888 1510 1996 erit,
1542 1886 1643 1999 quod
1675 1887 1936 1995 quaerebatur.

965 2078 1048 2199 Qui
1079 2078 1366 2194 proiedionum
1400 2077 1590 2166 theoriam
1625 2076 1778 2164 modice
1807 2077 1930 2165 solum
1960 2074 2085 2185 caiiet,

815 2205 1058 2299 mndamenta
1093 2208 1206 2294 huioa
1238 2208 1471 2319 operationis
1500 2208 1575 2295 leui
1608 2208 1765 2319 negotio
1796 2205 1966 2319 detegere
2006 2232 2080 2319 po-

813 2338 944 2446 terit,
970 2333 1156 2454 ⁴smulque
1187 2334 1296 2421 saciie
1330 2322 1561 2448 perspiciet,
1592 2337 1620 2423 st
1651 2338 1871 2448 contingat,
1900 2333 2082 2445 mustum

803 2478 949 2582 puoh
989 2464 1129 2548 cadere
1168 2465 1210 2543 in
1252 2463 1576 2571 hemisphaerium
1617 2460 1826 2579 EBQA,
1865 2462 2087 2576 paruum,
2215 2467 2219 2528 t

810 2588 909 2705 polo
935 2604 966 2703 p
996 2588 1281 2713 diametraliter·
1315 2590 1573 2702 oppositum,
1626 2595 1666 2677 in
1716 2591 1822 2678 usum
1872 2594 2086 2679 vacandum
2215 2615 2217 2694 t,

810 2720 920 2827 effe,
952 2741 1023 2800 nec
1055 2718 1212 2825 minus,
1242 2718 1271 2804 sr
1299 2715 1455 2803 circulus
1483 2744 1564 2805 non
1593 2720 1942 2833 comprehendatur
1992 2738 2089 2805 totto
2217 2697 2219 2736 “

811 2846 863 2932 ab
896 2844 1184 2956 hemisphaerio
1215 2844 1409 2960 EBQA,
1452 2848 1720 2958 operationem
1767 2849 1971 2957 similem,
2014 2870 2088 2959 pro
2218 2837 2219 2862 ¹

811 2970 1056 3061 describenda
1086 2976 1226 3089 reliqua
1255 2976 1384 3059 circuli
1415 2995 1561 3089 parte,
1610 2978 1648 3067 in
1680 2976 1971 3093 hemisphaerio
1998 2978 2089 3063 aite-

810 3126 861 3191 ro
890 3098 1158 3190 instituendam
1199 3104 1286 3193 esse.

812 3419 815 3422 Ι
969 3292 1166 3382 Methodo
1213 3292 1286 3381 hac
1335 3297 1383 3384 ad
1430 3296 1587 3412 quoduis
1634 3314 1918 3407 momentum,
1966 3300 2090 3407 lora,

811 3448 911 3537 quae
940 3422 1117 3511 Plaoetae
1151 3425 1192 3508 in
1231 3422 1335 3511 Solis
1379 3426 1523 3515 discum
1556 3428 1880 3540 immersionem,
1930 3446 1998 3514 aut
2035 3452 2092 3513 ex

814 3550 895 3663 ips)
925 3552 1215 3659 emersionem,
1262 3553 1538 3669 conspiciunt,
1587 3556 1768 3671 graphice
1810 3556 1984 3645 exhiberi
2014 3582 2090 3669 po
2217 3629 2219 3662 ,

813 3694 957 3765 tenant.
1018 3683 1111 3799 Quo
1139 3703 1235 3765 vero
1263 3708 1316 3768 ex
1347 3685 1409 3770 tali
1442 3685 1710 3799 proiectione,
1747 3710 1929 3786 omnem,
1958 3681 2092 3796 quem

814 3804 1066 3916 intendimus,
1094 3808 1206 3894 usum
1239 3812 1414 3899 obtinere
1438 3841 1658 3929 queamus,
1690 3815 1742 3900 ita
1774 3817 1813 3900 in
1831 3813 2094 3925 designatione

813 3928 955 4023 horum
988 3935 1228 4048 circulorum,
1269 3960 1315 4029 tt
1329 3948 1606 4061 procedamus,
1640 3945 1871 4032 conueniens
1888 3944 1980 4046 erit,
2010 3962 2061 4026 ut

863 4136 866 4141 ’
934 4136 978 4233 1)
1011 4130 1234 4240 punoum,
1263 4136 1365 4247 quod
1412 4138 1611 4249 primum,
1655 4154 1695 4221 et
1740 4138 1869 4248 quod·
1895 4135 1950 4221 esi
1996 4130 2080 4215 usti-

620 4323 629 4331 .
812 4276 923 4340 mum
956 4256 997 4338 io
1031 4277 1155 4344 terrae
1186 4260 1337 4381 globo,
1373 4290 1508 4349 eorum
1531 4326 1545 4371 ,
1579 4289 1677 4375 quae
1710 4264 1994 4353 immerhooem
2016 4276 2087 4343 aut

809 4382 1076 4469 emersrouem
1107 4388 1375 4502 conspiciunt,
1428 4388 1699 4503 designentur,
1744 4396 1854 4507 quod
1889 4388 2091 4509 quomodo

807 4505 895 4629 heri
925 4531 1066 4626 queat,
1096 4516 1181 4605 satis
1207 4542 1260 4612 ex
1292 4520 1538 4638 superioribus
1568 4520 1728 4611 constat.

1938 4708 2100 4835 ²)Dh
2215 4779 2217 4840 t
