4492 5809
363 545 750 672 urxruoaror
778 575 856 670 ur
879 565 1265 668 urruruoavrr:
1366 591 1459 680 :aa
1582 521 1588 530 ’

193 809 393 898 riationem
424 812 646 918 reducitur,
693 809 843 924 reliquis
892 808 1073 895 omnibus
1124 799 1453 920 euanescentibur;

194 965 304 1052 quare
335 937 478 1024 neceffe
509 941 594 1045 est,
626 962 670 1022 vt
703 965 775 1051 pro
805 938 882 1024 hoc
915 937 998 1022 calu
1031 938 1076 1022 srt

308 1065 1158 1213 Ν-ΞΞή-ξ-ξ-,ᾳ-ῗὲἷψῗῇωοῑεᾱο.
1229 1133 1237 1150 ·

76 1249 79 1252 ’
193 1245 389 1364 Quoniam
420 1269 554 1361 vero,
585 1250 623 1333 in
653 1269 876 1360 quocunque
908 1247 999 1332 loco
1030 1243 1124 1328 haec
1167 1241 1328 1326 variatio
1373 1240 1458 1328 fieri

190 1376 444 1486 concipiatur,
475 1395 602 1460 natura
628 1373 796 1458 maximi
812 1368 970 1460 minimi
988 1397 1038 1456 ve
1054 1395 1176 1484 aeque
1195 1369 1291 1454 hanc
1309 1369 1460 1456 annihi-

190 1501 382 1587 lationem
413 1499 605 1610 postulat.
634 1495 785 1584 neceffe
817 1499 892 1606 est,
922 1521 967 1588 vt
999 1526 1071 1609 pro
1103 1496 1283 1582 omnibus
1314 1497 1458 1584 valori-

191 1639 263 1732 bus
294 1643 405 1756 iplius
434 1667 465 1729 x
496 1645 540 1732 fit
573 1613 1462 1760 Ν-ᾸΖ-ζ-Ράἑὲι-ΞῘ-ᾗ-ι-ἴ-ῑὲ-εῑεεως

189 1797 292 1883 quae
324 1795 421 1882 ergo
447 1774 620 1886 aequatio
652 1776 819 1857 continet
850 1767 1068 1859 relationem
1101 1769 1342 1856 indefinitam
1395 1774 1460 1855 in.

188 1918 251 1983 ter
283 1923 314 1984 x
341 1917 464 2011 ety,
489 1927 562 2011 qua
593 1897 784 2007 efficitur,
813 1917 860 1983 vt
888 1899 976 1986 inde
1007 1899 1186 1984 oriundus
1215 1898 1325 1982 valor
1373 1900 1458 1985 sor-

184 2024 321 2112 mulae
349 2028 541 2139 integralis
560 2019 711 2137 sde
742 2026 810 2112 fiat
837 2029 1028 2114 maximus
1059 2026 1124 2111 vel
1157 2025 1341 2110 minimus
1356 2090 1370 2134 ,
1386 2051 1458 2136 po·

118 2261 124 2271 ,
184 2152 264 2242 lito
296 2179 451 2263 arza,
485 2155 586 2240 vnde
615 2172 750 2268 pater,
782 2153 882 2239 hanc
922 2156 1151 2246 relationem
1182 2177 1262 2243 non
1290 2151 1341 2241 ab
1388 2153 1461 2242 ista

183 2281 400 2393 quantitate
432 2307 460 2369 a
487 2283 664 2398 pendere.
1280 2322 1284 2332 ·

750 2476 895 2572 XXV.
1034 2539 1040 2551 ·

165 2727 173 2736 ,
220 2695 225 2702 ·
344 2630 454 2720 llaec
483 2631 563 2719 iam
595 2631 648 2718 eli
681 2632 818 2718 eadem
848 2632 1051 2744 aequatio,
1099 2655 1215 2746 quam
1254 2659 1328 2746 pro
1358 2632 1461 2724 serlu-

174 2758 307 2846 tione
336 2762 507 2848 eiusdem
539 2758 785 2870 problematis
812 2758 911 2843 olim
944 2761 986 2843 in
1030 2758 1214 2847 Tradaru
1267 2787 1361 2846 meo
1408 2766 1459 2849 de

173 2885 385 2974 Maximis
412 2913 457 2972 ae
488 2886 666 2972 Minimia
696 2886 783 2972 dedi
808 2913 821 2996 3
854 2911 953 2972 nunc
985 2903 1116 2972 autem
1148 2914 1201 2974 ex
1220 2890 1332 2974 merie
1354 2891 1458 3002 prin.

172 3015 306 3124 cipiis
332 3015 528 3121 analyticis
558 3013 757 3122 deriruui3
790 3017 892 3122 quod
925 3016 1122 3122 negotium
1152 3018 1240 3101 ideo
1276 3040 1459 3102 commo·

169 3141 228 3226 de
268 3137 470 3248 succellit,
501 3142 606 3250 quod
634 3133 785 3249 liugulie
815 3139 1006 3228 valoribus
1038 3143 1201 3252 ipsrusy
1235 3144 1462 3230 variationes

169 3269 373 3354 accedere
403 3267 584 3372 affumii,
626 3266 757 3378 quibus
787 3259 827 3349 in
856 3267 990 3351 ilatum
1023 3269 1210 3356 variatum
1232 3269 1463 3358 transferan-

166 3410 253 3482 tur.
300 3393 456 3482 Deinde
488 3418 587 3479 vero
618 3389 790 3478 reduCtio
804 3388 1051 3479 formularum
1068 3395 1308 3506 integralium
1329 3397 1364 3498 §.
1385 3419 1461 3480 ar.

166 3523 288 3610 fasta
327 3524 525 3633 negotium
554 3522 704 3634 penitus
735 3521 927 3627 coniecit,
977 3544 1050 3631 qua
1080 3521 1169 3608 illae
1209 3528 1261 3606 ira
1309 3521 1461 3608 metuat

162 3653 216 3736 in
255 3671 393 3763 partes
421 3650 639 3756 resolutae,
689 3668 734 3732 ut
761 3644 858 3734 aliae
890 3673 911 3731 a
944 3645 1053 3758 ligno
1085 3649 1388 3762 summarorios
1405 3651 1462 3734 es·

152 3779 264 3863 lent
301 3779 474 3871 liberae,
528 3801 625 3888 quae
656 3786 786 3862 autern
820 3800 872 3860 eo
902 3776 1115 3862 manserunt
1146 3775 1362 3882 adstrictae,
1392 3801 1462 3864 eae

154 3923 345 4006 tanturn
374 3907 491 4016 ipsum
525 3905 773 3990 variationem
813 3895 943 3988 uzd
948 3930 1009 4012 y,
1059 3904 1138 3989 line
1169 3906 1246 3988 eius
1283 3901 1462 3986 differen-

153 4033 356 4138 tialibus,
386 4033 643 4145 inuoluerenr3
675 4055 751 4145 quo
779 4031 861 4142 ipio
892 4029 969 4114 hoc
984 4031 1187 4117 commodi
1204 4031 1326 4114 iremus
1345 4028 1465 4138 naui,

151 4181 257 4270 vr,
312 4181 409 4244 cum
440 4153 626 4270 quaelibet
654 4160 817 4245 variatio
847 4157 999 4244 seoriim
1032 4158 1077 4242 ad
1110 4155 1272 4242 nihilum
1303 4156 1461 4267 perduci

149 4289 353 4392 debeat,
374 4281 536 4372 formula
554 4289 736 4397 integralis
754 4287 878 4372 statim
897 4283 1110 4398 praebuerit
1127 4284 1395 4400 aequationem

297 4410 1058 4564 N-2{÷{{r‘·²-}⁸3¹r³÷etc.:o‚

797 4621 932 4749 Oa
1387 4661 1459 4752 qua
