4492 5809
348 564 660 699 tantors
710 562 1229 667 aonoarrtcr.
1323 582 1415 681 rr,

158 842 204 862 ..
303 801 450 889 lllnnren
482 802 614 911 lapidis
629 800 757 893 nollri
781 804 888 914 qood
921 803 1084 913 attinet,
1112 802 1205 888 ideo
1231 801 1420 913 nephriti-

152 952 270 1017 ensa
305 934 509 1015 maioribus
542 930 674 1015 nostris
704 933 826 1017 didius
856 934 943 1035 cll,
975 934 1160 1043 quoniam
1185 931 1333 1015 morbis
1355 949 1424 1017 rez-

149 1084 243 1143 oom
269 1060 498 1169 praeprimis
527 1058 673 1143 mederi
703 1060 802 1145 hooc
841 1062 1042 1170 lapidem,
1082 1058 1180 1145 salso
1223 1058 1292 1142 tibi
1333 1078 1419 1165 per·

143 1185 347 1269 suaserunt.
420 1184 699 1296 Antiquilstmia
730 1188 906 1273 historice
936 1188 1111 1273 naturalia
1158 1184 1419 1270 scrutatoribnt

146 1312 262 1423 plane
280 1312 497 1421 incognitos
516 1313 616 1396 soille
634 1317 794 1419 videtur,
813 1322 957 1428 quippe
976 1340 1100 1424 oeque
1116 1338 1279 1414 comeo,
1296 1333 1418 1421 oeque

144 1440 226 1523 ella
258 1438 338 1525 cion
364 1444 590 1548 descriptio,
621 1442 662 1521 io
686 1464 828 1525 eornm
855 1442 1006 1555 ›scriptis
1036 1440 1201 1529 babetur.
1233 1439 1419 1557 Qramu'n

141 1564 287 1651 inficias
317 1570 371 1649 ire
402 1590 481 1649 oon
511 1564 687 1675 potlrm,
721 1562 951 1653 Comensem
988 1564 1100 1656 Plinii
1129 1569 1299 1679 lapidem
1345 1592 1420 1676 ap·

139 1696 272 1805 prime
303 1716 393 1779 cum
428 1690 647 1804 nephritico
676 1696 807 1781 nostro
837 1698 1044 1783 conuenire
1065 1701 1088 1813 (
1097 1696 1173 1781 rid.
1199 1693 1298 1783 Plio.
1314 1693 1417 1779 illst·

138 1840 268 1907 nacor.
300 1818 390 1905 Lib.
424 1844 587 1907 xxxva.
622 1816 721 1930 Cap
757 1836 857 1929 22.)
886 1850 975 1908 cum
1007 1849 1086 1906 non
1117 1841 1269 1908 tantum
1303 1816 1418 1905 vicidl

136 1951 308 2058 gaudeat
336 1950 641 2055 colore‚cemm
675 1950 793 2033 etiam
820 1952 1034 2036 comatoria
1052 1974 1211 2035 martum
1227 1949 1420 2049 admittat,

135 2073 254 2185 seque
284 2076 417 2161 caelari
452 2080 645 2183 patiatur,
672 2092 711 2157 et
742 2077 1053 2186 elegantissimam
1085 2080 1255 2190 excipiat
1269 2076 1420 2187 polito·

134 2226 245 2289 mm.
311 2202 489 2313 Accedit,
519 2202 624 2315 qood
658 2203 802 2287 saecolo
832 2204 962 2315 elapso
999 2206 1171 2317 primum
1212 2202 1308 2289 fida
1336 2204 1420 2287 eim

134 2332 199 2418 nia
231 2330 549 2415 medicamentosa
599 2347 642 2411 et
689 2329 983 2442 antioephritica
1039 2331 1283 2417 medicorum
1328 2330 1419 2419 ania

134 2480 234 2543 mos
262 2456 482 2561 obrepserit.
544 2452 711 2559 Sufficit,
730 2482 850 2566 neque
882 2486 904 2541 a
938 2459 1077 2557 Plinio,
1094 2484 1217 2567 neque
1233 2457 1283 2541 ab
1302 2458 1428 2575 Agri·

131 2580 254 2673 cola,
288 2583 492 2683 Fabricio,
521 2578 775 2693 Mattbefln,
810 2578 977 2690 Alam,
1008 2583 1267 2684 Kentmannn,
1315 2580 1422 2666 Bar·

130 2707 203 2811 ba,
237 2707 442 2818 carcero,
473 2710 553 2795 eine
585 2712 826 2795 mentionem
866 2710 966 2797 fieri.
1031 2714 1136 2829 Quin
1151 2730 1193 2793 et
1216 2708 1418 2825 Mynsrch·
1570 2720 1574 2728 ’

125 2844 218 2929 trus
250 2840 290 2923 io
322 2837 644 2927 Armamentario
672 2831 900 2947 Chymico,
944 2843 1044 2927 inter
1090 2846 1288 2925 innumera
1334 2838 1418 2926 sere

126 2966 425 3057 medicamenta
457 2966 699 3077 deponeret,
731 2970 944 3078 dieterico,
977 2966 1288 3079 lithontcipticc,
1319 2990 1415 3075 quoa

122 3118 230 3183 mm
263 3094 588 3207 compositionem
619 3094 667 3177 nd
718 3096 893 3181 nauseam
946 3122 1064 3207 nsque
1097 3094 1415 3196 communicarit,
1514 3092 1519 3097 ’

125 3223 187 3305 de
225 3224 350 3333 lapide
383 3222 509 3305 nolito
541 3250 590 3307 nc
621 3218 785 3306 moss'ttat
818 3223 1007 3334 quidem,
1039 3250 1090 3309 ex
1117 3246 1197 3335 qao
1228 3219 1309 3306 satis
1347 3248 1417 3330 apr

127 3371 286 3463 patet,
318 3352 573 3460 nephriticum
607 3348 772 3457 lapidem
803 3350 945 3435 famam
978 3350 1083 3437 suam
1137 3353 1286 3433 virtutis
1330 3349 1418 3431 dru-

122 3484 280 3565 ceticae
303 3498 352 3560 et
390 3476 686 3589 litbootripticae
725 3478 931 3563 ooniffimia
969 3476 1208 3590 temporibus
1246 3478 1419 3586 primum

120 3609 324 3717 adeptum
356 3606 446 3689 etse
502 3600 682 3716 Superest
698 3606 832 3705 audior
863 3604 1043 3693 tradatur
1072 3608 1265 3689 cuiusdam
1295 3602 1345 3685 de
1364 3601 1415 3685 ln·

120 3736 293 3844 pidibor
322 3732 559 3819 Bemardicis
580 3737 620 3820 e't
642 3734 966 3819 medtcameotosts
985 3726 1418 3819 lobanaesWittt'chr'ut

122 3862 187 3946 de
248 3884 353 3945 aooo
407 3875 541 3964 1589.
584 3864 658 3979 qui⁸
700 3886 788 3969 pag.
821 3868 897 3963 83.
927 3860 1108 3943 tradatur
1141 3862 1195 3937 soi
1226 3852 1329 3964 Cap.
1364 3855 1419 3935 V.

120 3986 315 4097 lapidem
348 3990 604 4099 oepbriticum
638 3986 770 4071 Indiae
802 3986 1048 4069 ocodentalia
1077 3975 1255 4091 allegat,
1303 3980 1419 4063 roiri-

122 4114 313 4223 ficosque
342 4118 392 4197 ci.
414 4120 563 4201 virtores
593 4116 735 4201 tribuit.
798 4109 878 4199 sed
909 4134 1056 4197 tantem
1087 4108 1221 4214 abest,
1265 4124 1311 4191 nt
1341 4130 1414 4191 no·

117 4246 261 4329 strum
295 4245 520 4351 cognouerit
549 4243 757 4352 lapidem,
809 4258 857 4323 nt
893 4242 1016 4349 potius
1050 4242 1099 4325 de
1130 4234 1257 4345 lapide
1288 4235 1416 4317 Ama·

120 4390 310 4471 monum,
331 4370 391 4453 vel
420 4362 623 4455 Gallorum
657 4365 949 4474 lade‚lototom
983 4371 1090 4471 elle,
1121 4362 1279 4475 quilibet
1308 4360 1416 4444 facile

117 4494 361 4611 perspiciat
414 4496 590 4585 ,Triboit
629 4494 750 4607 lapidi
795 4498 860 4579 luo
911 4496 1084 4583 colorem
1134 4488 1417 4577 aindascutum

168 4621 696 4739 .',l‚om.X.Nou.Comm.
1002 4614 1117 4711 Cet
1324 4613 1419 4699 ttrite
1532 4732 1537 4739 Π
