4492 5809
385 546 396 616 ¹
516 517 1210 673 rrncrvuss'²”
1314 551 1416 693 s&

153 778 265 915 Rima
294 802 469 921 utrinque
497 806 607 895 roica
625 808 931 937 ,semilunaris,
954 802 1309 925 perpendicularis,
1345 812 1411 912 sub

154 938 420 1051 membrana,
478 927 680 1025 retrorsum
728 917 906 1053 expanb
942 945 991 1029 ad
1023 938 1221 1025 branchias
1269 927 1422 1067 patet:

150 1070 325 1181 proxime
356 1082 462 1152 aute
476 1060 618 1175 pinuae
658 1064 873 1179 pesiordlis
910 1064 1053 1153 bain.
1087 1058 1273 1180 Margo
1295 1073 1412 1154 totius

150 1192 391 1305 abdominis,
422 1193 472 1278 ab
504 1192 638 1303 iugulo
667 1196 715 1280 ad
748 1218 862 1281 nuum
895 1220 1052 1307 usque,
1089 1183 1230 1281 limbo
1253 1198 1412 1283 semilu-

147 1324 256 1435 uari,
289 1320 517 1435 produdlo,
560 1316 827 1433 craffiulculo,
880 1322 1116 1434 papillam,
1136 1350 1181 1410 ac
1213 1320 1411 1412 substantia

143 1476 229 1537 cum
263 1452 379 1565 pinna
411 1448 461 1533 dc
490 1448 595 1533 dista
628 1450 776 1561 adiposa
809 1450 1031 1535 Truttarum
1066 1453 1142 1537 sere
1182 1462 1411 1540 conuenien

142 1596 211 1679 te,
243 1580 373 1665 andus
405 1574 511 1660 eli.-
538 1575 754 1663 Externum
785 1575 896 1663 buius
925 1576 1037 1663 limbi
1069 1602 1111 1664 ae
1143 1578 1243 1665 dorii
1273 1606 1414 1693 margo

138 1710 180 1793 in
211 1704 308 1816 pisce
338 1706 525 1818 minore,
557 1707 656 1790 inter
684 1706 864 1819 aculeos,
891 1704 1071 1819 glaber,'
1061 1732 1102 1790 ιιι
1133 1708 1282 1793 maiore
1311 1732 1415 1852 nero

135 1836 403 1923 denticulatus:
447 1831 618 1919 Linea
644 1832 923 1945 longituninaiis
954 1834 1075 1917 nuda.
1171 1838 1280 1920 Anus
1310 1808 1422 1922 inter

136 1950 250 2049 linrbi
283 1978 403 2049 mox
415 1959 508 2046 dieti
538 1959 669 2046 finem
688 1979 732 2045 'et
749 1965 919 2071 pinnam
953 1960 1018 2045 ani
1051 1923 1140 2047 huic
1164 1956 1407 2115 proximam,

133 2089 280 2177 Pinnae
307 2108 456 2179 tantum
489 2108 682 2205 quatuor,
714 2090 811 2174 duae
841 2112 988 2202 nempe
1018 2088 1291 2237 postorales,
1286 2082 1423 2237 ιιιιιιιι·

130 2222 270 2334 dom,
319 2239 356 2305 et
376 2219 450 2303 ani
482 2244 587 2331 uua,
637 2216 872 2329 dispositae
860 2235 945 2330 tta,
989 2236 1065 2330 ut,
1102 2203 1197 2303 lmea
1228 2203 1329 2306 resia
1360 2197 1421 2307 ιΒ

132 2372 210 2436 rna
245 2350 295 2435 ad
326 2332 484 2433 alteram
518 2347 667 2459 duda,
700 2370 831 2431 aream
863 2282 1065 2457 utrinqob
1072 2341 1268 2443 includant
1295 2337 1422 2434 uian-

126 2478 319 2587 gnlirem.
385 2476 520 2559 Pinna
538 2470 780 2586 pedoralis
769 2496 813 2555 ιιι
846 2472 985 2555 medio
1011 2474 1088 2556 fere
1118 2477 1319 2585 corp'ore,
1350 2478 1413 2563 ori

127 2604 283 2690 directe
314 2600 522 2714 opposita,
563 2599 649 2685 bali
687 2598 839 2711 oblique
884 2596 1059 2685 deorsum
1111 2624 1156 2684 ac
1205 2606 1422 2688 retrorsum

122 2730 342 2843 spectans,
375 2728 569 2813 radiorum
600 2727 811 2837 tredecim,
850 2728 1036 2838 aprimo
1064 2724 1112 2811 ad
1143 2724 1323 2865 quartum
1343 2722 1419 2816 ex'

122 2860 274 2945 ordine
312 2856 573 2969 longiorum,
622 2876 662 2940 et
693 2854 741 2938 ab
770 2853 846 2939 boc
878 2857 948 2939 ad
957 2855 1161 2941 ultimum
1174 2858 1226 2984 ιιι
1276 2849 1413 2946 ordine

120 2988 269 3077 ssufim
302 2985 549 3071 breuiorum
620 2982 740 3068 Pinna
773 2981 996 3068 dorsualis
985 3010 1025 3067 ιιι
1059 2965 1244 3131 marginis
1267 2980 1415 3098 corpo-²

122 3116 176 3199 ris
212 3112 358 3223 pollici
385 3102 605 3196 summitate
636 3110 789 3219 oblique
822 3110 887 3195 lita
908 3113 1140 3223 ,proxime
1168 3113 1217 3195 ad
1248 3116 1407 3198 tertium

119 3240 232 3329 dorsi
290 3240 496 3351 aculeum,
549 3238 741 3323 radiorum
779 3242 841 3323 ad
894 3240 1102 3323 minimum
1154 3240 1406 3352 quindecim,

115 3392 304 3482 quotum
353 3354 581 3453 iutemrcdii
615 3365 828 3453 lateralibus
876 3345 1067 3475 longiores
1114 3388 1160 3447 ac
1191 3362 1407 3450 filisormes.

115 3496 254 3585 Pinna
287 3494 383 3608 ani,
412 3493 574 3579 dorsuali
602 3493 731 3579 similis
748 3496 997 3605 ,eidemque
1028 3490 1171 3576 directe
1203 3489 1406 3605 sublucens,

109 3626 196 3715 fitu
237 3622 445 3772 obliquo
435 3644 475 3705 ιιι
509 3623 688 3733 marginis
713 3623 884 3735 'corporis
916 3620 1092 3731 postici
1083 3644 1183 3735 rmo,
1212 3623 1405 3705 radiorum

98 3757 165 3840 ad
202 3752 426 3837 minimum
455 3749 651 3862 sedecim,
685 3748 917 3833 intermediis
945 3747 1175 3857 longioribus
1212 3745 1409 3832 fllisormi·

100 3882 210 3971 bus.
287 3874 407 3969 Pinna
436 3878 609 3991 caudae,
641 3896 688 3961 ur
719 3876 796 3988 ipsa
828 3880 976 3988 cauda,
1006 3874 1123 3963 nullu
1265 3964 1270 3972 ,

423 4134 425 4139 -
564 4058 969 4185 Mensura

342 4248 346 4257 '
589 4286 594 4296 ·
1211 4236 1403 4333 Linl’ars.

101 4372 513 4486 Longiurdoiota',
542 4368 597 4460 le.
629 4373 679 4459 ab
711 4371 789 4459 orir
819 4384 996 4458 anemo
1025 4368 1073 4457 ad
1105 4360 1295 4482 pollicum
1395 4373 1412 4635 ι
1492 4376 1497 4385 ’
1582 4372 1586 4379 ’

249 4504 444 4621 corporis·
468 4504 688 4614 nnrginem
702 4534 1193 4571 -------
1206 4538 1266 4561 ⁴·
1335 4508 1383 4605 73

664 4760 676 4785 ⁹
792 4636 978 4733 vra'
1256 4682 1271 4714 ι
1341 4646 1408 4736 ΑΒ
