4492 5809
676 616 682 627 ’
802 628 1109 739 298‘SIM1L·
1148 582 1561 717 mennatem
1592 616 1984 752 nannenten.

633 879 713 987 1³³ss-
740 904 774 970 5·
854 906 875 921 -·
930 856 1105 943 annde
1127 854 1188 969 a)
1222 854 1405 966 Cylindet
1437 839 1613 961 vitreos,
1645 875 1710 939 aut
1731 852 2069 967 sulphureaegb,

803 991 993 1100 (perinde
1023 991 1130 1074 enirn
1163 988 1243 1085 est,
1277 990 1433 1091 quinam
1467 984 1720 1087 adhibeatur)
1773 1010 1903 1093 panno
1957 978 2076 1068 laneo

647 1127 653 1143 '
803 1121 878 1204 rite
909 1118 1083 1219 fricatus,
1117 1118 1287 1223 magneti
1318 1110 1405 1201 GH
1439 1108 1706 1221 substituatur,
1737 1109 1882 1223 eritque
1913 1118 2069 1221 expeti-

806 1248 928 1331 menti
974 1262 1145 1327 euentus⁸
1175 1248 1322 1351 penitus
1372 1244 1518 1345 idem,
1576 1242 1640 1352 qui
1690 1258 1803 1323 antea
1852 1240 2070 1326 obiemain-

805 1392 898 1475 tor,
929 1390 1034 1453 tanta
1065 1394 1157 1457 cnm
1189 1368 1468 1469 fimilrtudine,
1508 1389 1583 1471 vt,
1629 1365 1698 1451 nisr
1726 1366 1877 1451 aliunde
1914 1371 2066 1481 nouerit,

804 1524 853 1585 an
884 1517 1139 1610 magnetem,
1167 1520 1241 1581 -an
1281 1498 1493 1605 cylindrum
1522 1495 1751 1581 erectricem
1784 1496 1824 1577 in
1856 1500 1966 1577 tium
1998 1520 2068 1579 ro-

805 1630 944 1715 cauerit
975 1628 1339 1737 experimentum,
1371 1650 1422 1710 ex
1462 1642 1600 1710 euentu
1641 1623 1860 1711 tentaminis
1896 1622 2067 1711 diuinare
2192 1638 2194 1677 ‘

807 1755 887 1841 hoc
918 1754 1019 1844 nulla
1049 1753 1201 1865 prorsus
1228 1754 1387 1839 ratione
1428 1778 1555 1865 queas.

954 1922 1212 2008 Phaenomeni
1242 1921 1425 2007 hadienus
1454 1919 1660 2032 descripti,
1711 1940 1889 2033 quatenus,
1917 1908 2067 2033 mepte·
2193 1883 2194 1915 Ν

666 2082 689 2133 ’.
730 2042 736 2060 ’
809 2065 892 2133 tem
922 2046 1097 2159 speeiat,
1129 2053 1169 2135 in
1200 2052 1415 2137 Tantamne
1461 2045 1649 2136 Tharriae
1698 2045 1844 2137 Eledlr.
1879 2064 1917 2136 et
1968 2050 2060 2135 Ma·

798 2189 914 2287 gna„
932 2178 968 2277 §-
1007 2192 1127 2284 ¹58,
1176 2178 1342 2290 aliquam
1384 2179 1624 2263 mentionem
1656 2176 1762 2291 ἢεί,
1793 2178 1848 2263 ast
1878 2203 1961 2265 non
1992 2180 2108 2262 vitta.

807 2306 892 2389 sum
941 2303 997 2387 ibi
1047 2304 1163 2417 ipso,
1193 2302 1282 2391 'nid
1327 2324 1375 2391 tt
1423 2306 1664 2417 probarem,
1710 2306 1851 2393 ferrum
1902 2305 2067 2415 magneti

699 2433 703 2452 ‘
809 2434 1072 2543 propinquum
1092 2436 1144 2517 in
1177 2453 1398 2543 magnetem
1431 2434 1637 2538 conuerti,
1684 2460 1727 2519 ea
1761 2439 1874 2544 lege,
1927 2454 1971 2517 vt
1998 2456 2065 2516 ex·

809 2562 1014 2665 tramitae,
1044 2562 1230 2668 magnetis
1261 2560 1354 2673 polo
1384 2562 1647 2673 propinquior,
1673 2560 1910 2673 opposrtnm,
1942 2560 2070 2669 auersa,

808 2684 1070 2796 homoiognm
1097 2686 1261 2798 acquirat
1292 2692 1609 2801 magnetismum.
1674 2688 1916 2801 Prodtginsae
1932 2710 2069 2794 autem,

807 2840 922 2925 quam
953 2813 1056 2920 fistit,
1087 2814 1340 2901 fimilitudinia
1370 2815 1573 2902 effestuum
1605 2820 1665 2901 tis
1679 2819 1889 2919 niedricae,
1926 2836 1968 2900 et
1985 2842 2068 2901 ma·

618 2954 628 2986 ·’
806 2945 979 3055 goetieae
1008 2941 1151 3027 nuliam
1185 2947 1424 3029 mentionem
1457 2946 1607 3050 inieci,
1645 2954 1693 3031 ad
1724 2946 1823 3032 hanc
1855 2947 1964 3033 enim
1990 2944 2069 3030 ani·

807 3092 920 3155 mum
953 3070 1130 3155 nondum
1159 3071 1410 3159 aduerteram.

811 3286 820 3301 ·
959 3228 1157 3347 Superflna
1189 3234 1339 3320 adiutus
1367 3234 1514 3337 ess‘em,
1540 3234 1568 3321 fi
1598 3234 1646 3321 de
1678 3232 1931 3347 explicatione
1951 3233 2069 3349 phac·
2191 3242 2192 3261 ¹

778 3362 964 3474 ¹nomeni
996 3364 1059 3445 hic
1091 3364 1287 3475 descripti,
1320 3364 1382 3447 tel
1416 3377 1579 3449 ternum
1613 3364 1757 3447 addere
1780 3363 1934 3448 vellem.
1966 3364 2067 3448 Tam

808 3490 925 3577 obuia
953 3490 1059 3571 enim
1093 3488 1187 3573 haec
1217 3490 1302 3594 est,
1335 3514 1404 3592 rt,
1437 3493 1502 3599 qui
1536 3491 1734 3602 principia,
1754 3491 1944 3585 Theudae
1993 3493 2072 3620 ele-

807 3616 953 3701 &ricae
980 3636 1022 3699 et
1054 3624 1306 3733 magneticae,
1334 3642 1358 3704 a
1389 3643 1457 3707 me
1489 3620 1661 3733 stabilita,
1692 3620 1822 3732 nortia,
1849 3622 1929 3735 ipsa
1956 3622 2071 3735 plane

809 3768 890 3831 non
920 3745 1107 3857 indigeat.
