4492 5809
832 612 928 697 304
1041 582 1161 677 DE
1219 570 1849 677 Vauocrraru

825 817 965 905 iritum
999 814 1092 903 iusta
1122 836 1165 901 et
1194 812 1366 927 requiiita
1404 811 1576 899 distantra
1624 810 1675 898 ab
1715 833 1793 899 axe
1839 832 2009 925 geram,
2050 809 2103 900 est

826 944 977 1033 affixus.
1041 944 1085 1033 N
1114 946 1286 1031 eiusdem
1316 940 1572 1052 repraestutat
1600 940 1934 1051 cuntrapondiuru.
2000 936 2102 1027 Heu

827 1091 1096 1185 tympanum,
1124 1073 1213 1159 fune
1242 1070 1592 1159 circumlatum,
1635 1068 1740 1155 cuius
1778 1067 1939 1156 alteram
1979 1076 2102 1153 extra·

772 1181 779 1200 ¹
828 1202 1013 1289 mitatem
1046 1223 1164 1286 mauu
1197 1196 1314 1285 trahit
1343 1193 1431 1283 Dn.
1465 1196 1675 1301 sineatur,
1696 1234 1703 1243 ·
1724 1220 1803 1307 quo
1834 1198 1976 1283 roratio
2021 1196 2104 1287 axii

825 1346 869 1415 et
898 1328 1046 1416 brachii
1074 1324 1263 1414 exoritur.
1330 1325 1396 1413 Ad
1428 1326 1585 1436 scopum
1618 1349 1714 1410 uero
1761 1322 1938 1413 austrum
1986 1348 2104 1431 eom·

828 1457 985 1543 modius
1014 1452 1117 1543 mihi
1150 1456 1274 1541 risum
1306 1456 1393 1561 eii,
1441 1458 1612 1540 eiusdem
1651 1452 1747 1536 loco
1776 1454 1978 1565 gyrgillum
2009 1449 2101 1563 IK,

827 1606 990 1695 quatuor
1020 1582 1084 1673 rei
1113 1582 1283 1698 pluribus
1315 1582 1543 1695 tympanis,
1575 1578 1736 1667 craffirie
1767 1582 1942 1689 diuersa,
1971 1580 2104 1665 iustru-

828 1712 938 1799 uum
969 1716 1163 1826 adaptare.
1259 1708 1345 1800 Du.
1378 1713 1556 1797 Samarra
1585 1714 1632 1795 ad
1667 1702 1933 1794 iulcimentum
1983 1710 2105 1795 modo

827 1840 1063 1951 descripurm
1099 1838 1305 1951 pendulum
1339 1838 1440 1925 ΒΜ
1471 1838 1711 1941 collocarit,
1739 1836 1844 1948 quod
1874 1861 1929 1924 ex
1963 1836 2104 1923 duobm

715 2020 721 2033 -
829 1966 993 2078 globulis
1021 1966 1167 2051 coastat
1201 1960 1429 2074 metallicir',
1460 1964 1570 2075 super
1608 1966 1748 2076 pertica
1788 1962 1911 2076 ligura
1952 1966 2103 2051 mobili·

830 2095 934 2201 bus,
961 2121 1042 2207 quo
1068 2092 1108 2181 id
1137 2120 1189 2179 eo
1222 2096 1346 2181 modo
1376 2094 1544 2178 ordinari
1585 2092 1742 2203 potest,
1790 2111 1838 2177 vt
1886 2092 2103 2181 defideratra

830 2246 878 2310 ac
910 2224 1179 2309 determinatas
1212 2222 1358 2307 efficiat
1396 2220 1656 2306 oscillationem
1736 2213 2100 2307 Commodiffimam

829 2350 989 2464 penduli
1021 2348 1309 2463 dispofitiouem
1341 2350 1422 2435 iam
1466 2348 1630 2435 laudatus
1670 2344 1744 2433 Vir
1793 2348 1938 2433 iudicat
1986 2372 2101 2447 eam,

829 2476 932 2582 vbi,
964 2478 1212 2563 revolutione
1240 2474 1386 2565 brachii
1418 2478 1526 2561 uuita
1558 2474 1744 2589 perucia,
1774 2474 1869 2563 illud
1901 2473 2102 2563 osculatio·

648 2685 653 2693 .
827 2624 897 2687 nes
926 2603 1017 2689 duas
1047 2603 1222 2690 absoluit.
1280 2602 1458 2720 Quilibet
1489 2606 1690 2689 ioeuudum
1722 2604 1923 2691 arbitrium
1967 2606 2101 2719 sumu,
2207 2608 2208 2661 ῗ

828 2728 892 2816 uel
923 2732 1091 2842 pendulo
1121 2732 1246 2819 modo
1280 2751 1534 2843 memorato,
1565 2729 1632 2817 rel
1667 2726 1875 2849 horologio
1925 2731 2101 2845 vulgari,

825 2858 1008 2974 pendulo>
1032 2858 1214 2947 instruito
1233 2876 1250 2965 ·,
1279 2864 1338 2947 uti
1370 2858 1506 2972 potest
1693 2857 1698 2869 “

980 2987 1049 3077 Ad
1079 2988 1277 3075 brachium
1311 3006 1439 3081 autem
1473 2990 1577 3105 supra
1609 2984 1844 3077 delineatum
1877 2980 1957 3077 FG
1976 2986 2099 3100 affiga-

828 3132 892 3203 tur
920 3110 1214 3204 instrumentum
1248 3111 1554 3226 Bougueriauum
1587 3108 1648 3214 G,
1683 3120 1878 3206 mediante
1909 3116 2097 3205 confibula

825 3242 903 3347 0,
935 3264 978 3332 et
1009 3268 1059 3329 eo
1089 3246 1245 3355 quidem
1279 3248 1433 3339 modo,
1464 3266 1511 3329 ut
1543 3244 1714 3329 crudem
1754 3242 1870 3339 axis,
1907 3248 1971 3333 seu
2009 3247 2097 3332 iiuea

824 3373 876 3459 ad
907 3368 1065 3484 planum
1095 3369 1175 3455 KL
1207 3372 1562 3481 perpendicularis,
1606 3394 1699 3457 ‘um
1733 3390 1913 3485 tangente
1965 3398 2096 3487 arcus,

829 3522 951 3611 quem
981 3499 1106 3584 radius
1134 3492 1228 3584 DG
1262 3500 1465 3609 deicribit,
1493 3498 1538 3586 fit
1567 3496 1772 3612 paulirius.
1825 3504 1910 3589 Hac
1942 3526 1987 3591 re
2018 3526 2100 3615 per·

831 3624 934 3736 adia,
964 3622 1216 3736 machinaque
1247 3628 1288 3709 iu
1321 3628 1443 3737 loco,
1476 3626 1544 3713 rbi
1575 3630 1721 3713 aerest
1754 3630 2001 3745 tranquillus,
2032 3654 2100 3743 po·

734 3740 752 3833 1'
825 3750 935 3862 fita,
965 3754 1245 3863 circumagatur
1276 3750 1470 3841 brachium
1506 3750 1627 3861 DG,
1665 3776 1844 3869 tempore
1876 3756 2097 3866 defiderato‚

823 3882 856 3969 i.
888 3906 928 3965 e.
958 3899 1166 3965 moueatur
1196 3876 1354 3992 planum
1385 3874 1460 3991 G,
1492 3904 1672 3995 tempure
1702 3886 1813 3987 dato,
1841 3910 1911 3999 per
1940 3887 2094 3999 (parium

828 4011 1065 4121 cognitum,
1095 4018 1143 4091 ac'
1172 4008 1314 4119 aliquot
1348 4010 1642 4098 reuolutionibus
1680 4014 1875 4126 peractis,
1924 4016 2097 4101 obierue·

781 4150 795 4163 “
830 4156 930 4245 tut,
960 4156 1150 4247 quousque
1179 4138 1290 4247 virga
1325 4134 1439 4223 iirerit
1472 4140 1638 4252 intrusa,
1675 4144 1777 4254 quud
1827 4141 2025 4255 uestigium
2069 4164 2093 4227 a

832 4262 923 4350 uilo
959 4263 1000 4347 in
1030 4263 1164 4375 uirgae
1196 4262 1404 4379 superficiei
1436 4268 1611 4354 reiiiium
1652 4268 1845 4358 iudicabit.
1925 4270 2096 4361 Deuote·

826 4401 894 4478 rur
925 4410 1017 4479 tuuc
1048 4390 1113 4479 hic
1142 4390 1346 4513 celeriratis
1374 4394 1561 4486 abiolurae
1583 4400 1726 4513 gradus
1743 4400 1795 4489 iu
1826 4399 2097 4511 insumam,

826 4518 1040 4643 ‘posteaque
1069 4524 1243 4643 operatio
1261 4542 1476 4645 ‘repetatur
1551 4538 1553 4545 ·
1998 4654 2044 4757 N

1477 4716 1482 4725 ·
1900 4704 1904 4711 ·
2045 4678 2097 4749 oa
