4492 5809
837 606 928 699 mr
1187 574 1693 683 HISTORIA

966 824 1050 911 Aut
1080 820 1106 907 sr
1135 821 1225 907 dura
1255 822 1350 909 filex
1377 840 1440 906 aut
1467 816 1516 902 lit
1542 812 1725 901 machelin
1760 823 1896 910 caum.

958 954 1166 1039 Secundam
1184 955 1432 1035 admillorum
1447 948 1491 1029 in
1509 944 1662 1030 billoria
1679 942 1835 1028 naturali
1851 960 2025 1026 errorum
2043 968 2101 1030 rr·

831 1078 985 1169 tionem
1004 1090 1177 1193 praebet,
1193 1078 1359 1163 uentus
1374 1076 1747 1186 experimentorum.
1785 1065 2019 1181 Complures
2034 1076 2124 1161 ab·.

835 1210 993 1298 horrent
1023 1213 1072 1294 ab
1095 1210 1372 1317 experimentis
1393 1204 1648 1303 instituendis,
1673 1202 1814 1286 timent
1838 1200 2100 1319 mictolcopin,

726 1326 733 1331 “
835 1364 886 1425 ne
903 1344 1003 1425 oculi
1035 1340 1124 1449 quid
1150 1338 1368 1422 detrimenti
1384 1336 1552 1447 capiant,
1569 1334 1696 1416 vitant
1713 1331 1860 1439 ignem,
1878 1353 1930 1413 ne
1946 1352 2100 1442 vapores

833 1472 1018 1553 venenati
1049 1466 1252 1576 pulmones
1280 1462 1479 1568 afficiant,
1509 1459 1791 1567 carbonumque
1821 1457 1945 1569 puluis
1975 1464 2099 1545 niueos

774 1676 781 1693 ,
832 1596 1008 1707 denigret
1038 1618 1184 1679 mamre.
1249 1589 1419 1680 Suauiter
1447 1590 1498 1676 de
1529 1588 1690 1674 obiectis
1720 1587 1900 1671 hillorrae
1931 1590 2099 1673 naturalis

704 1742 708 1747 ·
834 1722 1059 1832 somniant,
1091 1738 1129 1807 et
1160 1720 1253 1804 fieta
1282 1720 1435 1807 sibimet
1476 1715 1564 1829 ipfis
1612 1741 1688 1829 pro
1735 1716 1823 1801 tilis
1870 1722 2095 1801 renunciant.

700 1902 706 1909 ·
831 1850 1022 1939 Nonnulli
1054 1846 1185 1935 ludant
1215 1852 1255 1930 in
1281 1844 1513 1954 myriadibus
1530 1846 1887 1955 experimentomm
1916 1846 2096 1930 instituen-

747 2032 751 2040 -
829 1976 920 2080 dis,
956 1978 1019 2065 sed
1050 2002 1129 2063 non
1169 1974 1254 2063 satis
1283 1969 1510 2082 obstruant,
1548 1996 1670 2085 neque
1702 1972 2010 2087 phaenomena,
2037 2000 2092 2058 nt·

832 2130 907 2217 que
937 2104 1139 2219 produlia,
1171 2099 1271 2191 Satis
1302 2103 1376 2185 illis
1406 2103 1470 2186 cll·
1489 2104 1698 2208 innumtra,
1729 2104 1845 2213 idque
1874 2102 1981 2186 breui
2007 2123 2092 2189 tem.

832 2235 944 2346 poris
981 2234 1131 2345 spatio,
1173 2228 1407 2317 coaceruall'e
1443 2233 1722 2341 experimenta.
1791 2230 2092 2342 Hemerotlronri,
2194 2241 2195 2244 ‘

834 2350 902 2445 uei
936 2380 1134 2445 venatores
1163 2359 1316 2447 coriarii
1348 2354 1533 2465 Chymici
1570 2334 1855 2478 (bemiitbt
1876 2478 1879 2481 Q
1898 2382 1965 2469 ptr
1984 2351 2089 2468 'force

834 2465 1023 2611 ᾖᾶςετ)
1056 2488 1367 2572 dirimerentur.
1431 2486 1499 2570 Est
1527 2506 1574 2569 ct
1605 2487 1700 2573 alind
1733 2484 2017 2595 Cuymicomn
2035 2512 2090 2597 gc·

834 2640 934 2719 nus,
969 2616 1056 2727 quid
1090 2624 1165 2729 pto'
1196 2640 1272 2725 qno
1300 2616 1341 2696 in
1372 2610 1562 2697 laboribus
1591 2616 1934 2700 urisadmirtentes
1969 2613 2087 2701 Porum

819 2742 998 2829 sollicitis
1028 2748 1073 2827 de
1106 2747 1270 2857 puritate
1301 2741 1545 2827 orianorum
1578 2740 1730 2827 suornm
1759 2810 1772 2853 ,
1797 2742 1941 2830 sufficit
1969 2769 2011 2829 ca
2038 2746 2087 2829 luit

832 2868 913 2959 hoc
946 2873 1008 2959 uel
1040 2874 1106 2957 illo
1138 2876 1299 2959 nomine
1328 2872 1418 2983 ipfis
1449 2870 1576 2955 oblata
1609 2872 1697 2954 elle.

987 3002 1372 3110 Prodemufieorurn
1394 3024 1694 3117 praeconceptae
1713 3006 1890 3117 opinioni
1910 3007 2090 3094 minore·
2193 3021 2194 3062 l

776 3184 781 3192 ·
834 3130 1057 3243 spondeant,
1075 3130 1138 3214 rel
1154 3133 1391 3233 obiiciantur,
1409 3134 1469 3217 uel
1489 3132 1639 3219 blentio
1656 3130 2088 3245 praetermitterentur

834 3259 992 3343 historin
1012 3258 1177 3371 subiecti,
1195 3261 1349 3345 deloco
1369 3262 1500 3367 natali,
1524 3261 1575 3343 de
1600 3260 1675 3343 eius
1701 3266 1916 3373 speciebus,
1940 3263 1991 3348 tle
2012 3286 2091 3347 ton·

834 3386 1109 3470 comitantibus
1126 3387 1351 3496 corporibus
1370 3385 1646 3499 heterogeneis,
1665 3413 1716 3473 ne
1731 3390 1926 3475 mullttant
1942 3390 2094 3501 quidem,

834 3532 876 3596 et
910 3512 957 3597 src
990 3513 1209 3623 plerumque
1243 3518 1333 3599 dato
1363 3538 1444 3598 nno
1485 3515 1643 3599 absurdo
1675 3518 1871 3628 lequrrntnr
1900 3518 2025 3623 plura.

918 3650 920 3655 '
988 3638 1165 3725 Tertiam
1211 3667 1382 3724 errorum
1433 3662 1599 3726 matrem
1647 3670 1725 3728 non
1756 3669 1843 3729 raro
1882 3642 2095 3755 synonymia
2192 3735 2193 3740 Ν

835 3764 992 3854 format.
1059 3766 1106 3851 ln
1145 3770 1278 3879 uulgus
1309 3788 1448 3853 notum
1481 3773 1550 3877 eil,
1581 3792 1677 3881 quot
1708 3774 1858 3858 dioerfis
1888 3775 2096 3859 nominibus

834 3920 919 3987 non
946 3920 1065 4005 pauca
1095 3896 1271 3982 historiae
1304 3898 1476 3982 naturalis
1507 3898 1671 3983 subiecta
1703 3899 2094 4010 tregrenon-une·

831 4026 972 4134 primis
1000 4048 1100 4113 uero
1133 4028 1170 4108 id
1202 4030 1241 4107 in
1279 4024 1535 4135 Mineralogia
1568 4029 1737 4113 accidere
1768 4029 1886 4113 solet..
1918 4026 1985 4115 Si'c
2012 4052 2042 4113 e.
2054 4054 2093 4137 g.

832 4150 998 4235 nomine
1027 4150 1199 4237 Asteriae
1239 4176 1339 4236 nunc
1375 4152 1591 4263 Allroitae,
1620 4180 1721 4239 nunc
1750 4158 1883 4242 oculos
1912 4154 2009 4267 felis,
2031 4156 2096 4239 uel

830 4274 1136 4387 Pseudoopalus,
1166 4277 1256 4364 falso
1288 4280 1527 4366 decorantur.
1576 4279 1681 4367 Cum
1715 4302 1846 4369 tamen
1874 4302 1969 4373 ueta
1993 4282 2097 4373 nue-

831 4408 890 4491 ria
941 4400 1053 4491 Plinii
1092 4404 1180 4492 Lib.
1218 4427 1292 4511 ³7·
1326 4402 1425 4519 Cap.
1464 4434 1537 4511 19.
1588 4410 1731 4497 llillor.
1778 4430 1905 4499 namt.
1945 4436 2101 4529 gemma

836 4530 955 4647 plane
1003 4534 1050 4625 sn
1080 4532 1303 4650 singularis,
1354 4537 1413 4625 rti
1452 4536 1492 4624 in
1530 4538 1643 4632 Afris
1678 4540 1922 4633 Academiae
1960 4540 2104 4653 Regiae
2191 4585 2192 4596 .

1980 4666 2103 4757 &m
