4492 5809
825 484 1887 681 ma·ouuuuvrrrounu

825 774 865 857 in
896 798 986 890 qun¹
1000 776 1181 859 *confiunt
1212 774 1367 860 morbus
1398 770 1636 879 immediate,
1654 769 1757 881 quusr
1788 766 1905 853 oculo
1934 758 2088 857 ermen}

825 902 918 1008 dum
950 906 1151 1014 praebent.
1210 936 1216 953 ¹

974 1049 1072 1135 Non
1103 1051 1180 1134 fine
1213 1046 1468 1157 difficultate,
1521 1071 1642 1161 neque
1692 1048 1758 1135 nisr
1802 1046 1889 1163 post
1937 1052 2089 1141 crebrius

665 1267 669 1275 ,
796 1179 1084 1283 exercitium,
1104 1201 1155 1261 eo
1187 1185 1362 1286 perueni,
1397 1198 1442 1262 ut
1472 1173 1803 1285 obseruationem,
1829 1199 1946 1287 quum
1987 1180 2086 1291 supra

824 1305 1008 1415 descripsi,
1039 1305 1113 1387 rite
1144 1306 1336 1391 instituere
1367 1306 1532 1419 possem.
1596 1300 1698 1391 Cum
1735 1306 1840 1389 enim
1877 1304 2011 1389 adsueti
2038 1311 2085 1393 fi-

826 1460 940 1535 mus,
984 1419 1112 1518 ‘usu
1158 1434 1354 1519 obienum
1412 1435 1568 1545 aliquod
1619 1437 1797 1518 attentius
1835 1436 2089 1547 ¹contemplari

824 1564 1033 1673 uolumus,
1066 1562 1182 1645 etiam
1217 1564 1332 1672 inscio
1364 1584 1405 1648 et
1434 1564 1560 1646 invito
1591 1562 1751 1669 animo,
1779 1560 1976 1645 oculorum
2009 1590 2091 1649 axes

823 1689 992 1804 praecise
1024 1711 1075 1772 eo
1106 1688 1342 1799 dirigamus,
1372 1691 1478 1775 idem
1529 1714 1682 1800 quoque
1735 1688 1840 1772 mihi
1892 1688 2086 1776 accidebat.

825 1820 899 1905 Ast
951 1816 1040 1901 sutae
1091 1818 1175 1897 sunt
1219 1818 1398 1901 maculae·
1439 1820 1482 1899 in
1530 1818 1645 1900 oculu
1694 1840 1793 1899 meo·
1814 1836 1945 1901 extra
1996 1822 2087 1904 oculi

824 1950 933 2033 axin.
987 1932 1144 2057 'Quodsi
1174 1944 1304 2055 itaque
1336 1944 1491 2059 oculum
1521 1968 1576 2026 eo
1606 1944 1911 2050 conuertebam,
1952 1948 2087 2037 macula

822 2075 950 2163 statim
983 2075 1136 2181 fugieus‘
1176 2072 1309 2157 locum
1345 2072 1621 2157 obseruationi·
1652 2072 1947 2181 commodum,
1998 2076 2087 2161 limi·

824 2225 910 2288 tem
940 2221 1126 2310 nempe,
1176 2204 1241 2312 qui
1272 2205 1411 2317 corpus
1448 2202 1614 2312 o‘pacum
1652 2225 1674 2285 a
1706 2218 1961 2308 transpareute
1994 2206 2086 2313 iepr·
2155 2272 2158 2280 Α

823 2349 910 2430 rat,
942 2327 1187 2435 relinquebat.
1231 2326 1699 2439 Difficillimam‘itaque
1730 2336 1906 2439 eousque.
1924 2330 2087 2439 expertus

821 2458 907 2543 sum
951 2454 1293 2562 obseruationem,
1328 2440 1556 2565 ‘requendum
1609 2480 1672 2540 rue
1704 2480 1783 2539 non
1815 2482 1939 2566 paruo
1968 2458 2086 2543 labore

545 2681 548 2686 ,
624 2662 628 2674 ,
692 2563 705 2610 ’”
823 2585 873 2669 ad
906 2580 1101 2669 maculam
1132 2582 1291 2693 quidem
1322 2586 1519 2673 attendere
1541 2610 1561 2695 ,¹
1592 2584 1659 2675 ast.
1675 2582 1778 2671 oculi
1810 2584 1904 2675 axin
1938 2608 1988 2673 eo
2017 2610 2090 2705 unu¹

823 2710 1019 2835 dirigere,
1050 2702 1333 2801 aurearum.
1372 2708 1374 2721 ⁴

1105 3000 1651 3114 uusnn'va‘nro
1711 3020 1790 3113 ιιι.

1010 3203 1120 3326 De
1179 3210 1425 3329 colore
1492 3192 1913 3338 vmbrarum.
1974 3294 1979 3303 ·

865 3530 870 3541 ι
916 3510 920 3515 ’
973 3482 1205 3599 Quanquam
1234 3488 1333 3574 mihi
1365 3493 1443 3577 iam
1494 3492 1558 3578 diu
1608 3494 1790 3605 cognitae
1833 3494 1975 3582 fuerint
2022 3489 2086 3580 Ca

823 3613 1020 3700 leberrimi
1043 3614 1191 3731 Buffuni
1223 3618 1523 3725 obscurationes,
1557 3622 1737 3730 umbras,
1765 3649 1861 3737 quaa
1889 3618 1998 3731 Sole,
2028 3622 2086 3707 uel

825 3743 997 3851 oriente,
1025 3742 1088 3826 vei
1121 3745 1339 3855 occidente,
1369 3750 1575 3857 proiicinut
1606 3776 1803 3862 corpora,
1836 3753 1917 3838 fere
1946 3752 2086 3862 semper

825 3870 901 3953 eise
930 3872 1152 3980 coeruleus,
1201 3874 1394 3959 interdum
1426 3900 1578 3988 quoque
1618 3870 1787 3989 uirides,
1838 3906 1920 3966 non
1966 3899 2087 3966 tamen

631 4008 636 4028 ’·
716 4077 722 4094 ,
822 3999 893 4085 nifi
921 4000 1096 4107 fortuito,
1127 4001 1170 4083 in
1201 4000 1322 4088 (imile
1352 4000 1652 4114 phaenomenon
1679 4008 1775 4094 aliud
1798 4010 1931 4097 incidi.
1993 4004 2088 4093 Cum

824 4128 948 4209 enim·
983 4128 1190 4239 crepusculi
1240 4150 1421 4241 tempore
1471 4134 1666 4221 accensam
1718 4154 1871 4225 mecum
1911 4134 2085 4223 haberem

824 4253 1059 4360 candelam,
1111 4256 1335 4365 obseruaui,
1384 4260 1599 4369 umbram,
1651 4288 1765 4375 quam
1817 4266 1948 4373 stylus,
1978 4286 2088 4376 quem

824 4382 1000 4466 manibus
1030 4386 1240 4494 tenebam,
1289 4390 1328 4470 iu
1357 4384 1511 4475 chartae
1543 4391 1651 4476 albae
1682 4394 1817 4477 folium
1848 4394 2091 4505 proiiciebut,

822 4509 1095 4623 elegantiffime
1124 4508 1203 4601 effe
1234 4514 1466 4605 conaturam.
1561 4520 1637 4609 Rei
1680 4522 1862 4636 nouitas,
1910 4550 1957 4614 ac
2004 4546 2092 4606 cum

1968 4648 2096 4736 obser·
