<?xml version="1.0" encoding="UTF-8"?>
<!DOCTYPE html PUBLIC "-//W3C//DTD XHTML 1.0 Transitional//EN"
    "http://www.w3.org/TR/xhtml1/DTD/xhtml1-transitional.dtd">
<html xmlns="http://www.w3.org/1999/xhtml" xml:lang="en" lang="en">
 <head>
  <title>
</title>
<meta http-equiv="Content-Type" content="text/html;charset=utf-8" />
  <meta name='ocr-system' content='tesseract 3.04.00' />
  <meta name='ocr-capabilities' content='ocr_page ocr_carea ocr_par ocr_line ocrx_word'/>
</head>
<body>
  <div class='ocr_page' id='page_1' title='image "./novicommentarii09sssrgoog_0256.png"; bbox 0 0 4492 5809; ppageno 0'>
   <div class='ocr_carea' id='block_1_1' title="bbox 633 534 1871 686">
    <p class='ocr_par' dir='ltr' id='par_1_1' title="bbox 633 534 1871 686">
     <span class='ocr_line' id='line_1_1' title="bbox 633 534 1871 686; baseline -0.002 -45"><span class='ocrx_word' id='word_1_1' title='bbox 633 680 636 686; x_wconf 16' lang='grc' dir='ltr'>Ι</span> <span class='ocrx_word' id='word_1_2' title='bbox 802 564 894 645; x_wconf 67' lang='lat' dir='ltr'>sm</span> <span class='ocrx_word' id='word_1_3' title='bbox 1042 534 1871 655; x_wconf 71' lang='lat' dir='ltr'>uuuonsrnnrso</span> 
     </span>
    </p>
   </div>
   <div class='ocr_carea' id='block_1_2' title="bbox 1383 771 1569 873">
    <p class='ocr_par' dir='ltr' id='par_1_2' title="bbox 1383 771 1569 873">
     <span class='ocr_line' id='line_1_2' title="bbox 1383 771 1569 873; baseline 0.011 -2"><span class='ocrx_word' id='word_1_4' title='bbox 1383 783 1480 873; x_wconf 85' lang='lat' dir='ltr'>Vll.</span> <span class='ocrx_word' id='word_1_5' title='bbox 1567 771 1569 774; x_wconf 32' lang='lat'>⁵</span> 
     </span>
    </p>
   </div>
   <div class='ocr_carea' id='block_1_3' title="bbox 740 922 2073 2060">
    <p class='ocr_par' dir='ltr' id='par_1_3' title="bbox 952 922 2073 1027">
     <span class='ocr_line' id='line_1_3' title="bbox 952 922 2073 1027; baseline -0.003 -5"><span class='ocrx_word' id='word_1_6' title='bbox 952 928 999 1023; x_wconf 88' lang='lat' dir='ltr'>Si</span> <span class='ocrx_word' id='word_1_7' title='bbox 1044 933 1092 1019; x_wconf 91' lang='lat' dir='ltr'>ad</span> <span class='ocrx_word' id='word_1_8' title='bbox 1144 934 1324 1022; x_wconf 82' lang='lat' dir='ltr'>ordinem</span> <span class='ocrx_word' id='word_1_9' title='bbox 1369 934 1513 1020; x_wconf 80' lang='lat' dir='ltr'>harum</span> <span class='ocrx_word' id='word_1_10' title='bbox 1558 952 1758 1018; x_wconf 85' lang='lat' dir='ltr'>cumarum</span> <span class='ocrx_word' id='word_1_11' title='bbox 1803 922 2073 1027; x_wconf 58' lang='lat' dir='ltr'>attendamusss</span> 
     </span>
    </p>

    <p class='ocr_par' dir='ltr' id='par_1_4' title="bbox 740 1057 2073 2060">
     <span class='ocr_line' id='line_1_4' title="bbox 797 1057 2070 1173; baseline -0.003 -22"><span class='ocrx_word' id='word_1_12' title='bbox 797 1064 1041 1151; x_wconf 78' lang='lat' dir='ltr'>manifestum</span> <span class='ocrx_word' id='word_1_13' title='bbox 1072 1064 1160 1169; x_wconf 83' lang='lat' dir='ltr'>eu,</span> <span class='ocrx_word' id='word_1_14' title='bbox 1190 1068 1380 1166; x_wconf 79' lang='lat' dir='ltr'>tertiam,</span> <span class='ocrx_word' id='word_1_15' title='bbox 1423 1057 1629 1173; x_wconf 89' lang='lat' dir='ltr'>quintam,</span> <span class='ocrx_word' id='word_1_16' title='bbox 1662 1062 1895 1172; x_wconf 76' lang='lat' dir='ltr'>septimam,</span> <span class='ocrx_word' id='word_1_17' title='bbox 1928 1086 2070 1147; x_wconf 90' lang='lat' dir='ltr'>nonam</span> 
     </span>
     <span class='ocr_line' id='line_1_5' title="bbox 740 1173 2070 1303; baseline 0.001 -26"><span class='ocrx_word' id='word_1_18' title='bbox 740 1173 747 1187; x_wconf 20' lang='grc' dir='ltr'><strong>Χ</strong></span> <span class='ocrx_word' id='word_1_19' title='bbox 798 1214 878 1277; x_wconf 87' lang='lat' dir='ltr'>etc.</span> <span class='ocrx_word' id='word_1_20' title='bbox 930 1218 1065 1303; x_wconf 86' lang='lat' dir='ltr'>parem</span> <span class='ocrx_word' id='word_1_21' title='bbox 1116 1192 1232 1275; x_wconf 78' lang='lat' dir='ltr'>dtu-m</span> <span class='ocrx_word' id='word_1_22' title='bbox 1282 1188 1448 1303; x_wconf 71' lang='lat' dir='ltr'>respectu</span> <span class='ocrx_word' id='word_1_23' title='bbox 1496 1188 1760 1303; x_wconf 75' lang='lat' dir='ltr'>parallelorum</span> <span class='ocrx_word' id='word_1_24' title='bbox 1808 1186 1891 1277; x_wconf 89' lang='lat' dir='ltr'>BE</span> <span class='ocrx_word' id='word_1_25' title='bbox 1918 1210 1960 1275; x_wconf 85' lang='lat' dir='ltr'>et</span> <span class='ocrx_word' id='word_1_26' title='bbox 1992 1184 2029 1273; x_wconf 91' lang='lat' dir='ltr'>C</span> <span class='ocrx_word' id='word_1_27' title='bbox 2037 1192 2070 1278; x_wconf 79' lang='lat' dir='ltr'>F</span> 
     </span>
     <span class='ocr_line' id='line_1_6' title="bbox 799 1313 2067 1431; baseline 0.002 -26"><span class='ocrx_word' id='word_1_28' title='bbox 799 1340 1074 1431; x_wconf 77' lang='lat' dir='ltr'>tenerentque</span> <span class='ocrx_word' id='word_1_29' title='bbox 1107 1324 1277 1429; x_wconf 86' lang='lat' dir='ltr'>primum</span> <span class='ocrx_word' id='word_1_30' title='bbox 1330 1316 1510 1429; x_wconf 81' lang='grc' dir='ltr'><strong>ΑΜΒ,</strong></span> <span class='ocrx_word' id='word_1_31' title='bbox 1565 1319 1660 1403; x_wconf 90' lang='lat' dir='ltr'>dum</span> <span class='ocrx_word' id='word_1_32' title='bbox 1707 1313 1943 1429; x_wconf 84' lang='lat' dir='ltr'>superiorem</span> <span class='ocrx_word' id='word_1_33' title='bbox 1990 1316 2067 1407; x_wconf 84' lang='lat' dir='ltr'>BE</span> 
     </span>
     <span class='ocr_line' id='line_1_7' title="bbox 801 1442 2062 1561; baseline 0 -28"><span class='ocrx_word' id='word_1_34' title='bbox 801 1465 998 1559; x_wconf 79' lang='lat' dir='ltr'>tangunt,</span> <span class='ocrx_word' id='word_1_35' title='bbox 1032 1447 1204 1533; x_wconf 87' lang='lat' dir='ltr'>inferiori</span> <span class='ocrx_word' id='word_1_36' title='bbox 1230 1472 1328 1533; x_wconf 80' lang='lat' dir='ltr'>vero</span> <span class='ocrx_word' id='word_1_37' title='bbox 1358 1442 1438 1531; x_wconf 87' lang='lat' dir='ltr'>CF</span> <span class='ocrx_word' id='word_1_38' title='bbox 1478 1446 1841 1561; x_wconf 76' lang='lat' dir='ltr'>perpendiculariter</span> <span class='ocrx_word' id='word_1_39' title='bbox 1887 1446 2062 1533; x_wconf 84' lang='lat' dir='ltr'>infistunt.</span> 
     </span>
     <span class='ocr_line' id='line_1_8' title="bbox 802 1572 2073 1689; baseline 0.003 -28"><span class='ocrx_word' id='word_1_40' title='bbox 802 1572 952 1661; x_wconf 85' lang='lat' dir='ltr'>Contra</span> <span class='ocrx_word' id='word_1_41' title='bbox 980 1602 1078 1666; x_wconf 79' lang='lat' dir='ltr'>uero</span> <span class='ocrx_word' id='word_1_42' title='bbox 1107 1576 1289 1683; x_wconf 84' lang='lat' dir='ltr'>secunda,</span> <span class='ocrx_word' id='word_1_43' title='bbox 1335 1593 1498 1689; x_wconf 83' lang='lat' dir='ltr'>quarta,</span> <span class='ocrx_word' id='word_1_44' title='bbox 1528 1574 1668 1683; x_wconf 85' lang='lat' dir='ltr'>sexta,</span> <span class='ocrx_word' id='word_1_45' title='bbox 1696 1572 1868 1684; x_wconf 68' lang='lat' dir='ltr'>ouant,</span> <span class='ocrx_word' id='word_1_46' title='bbox 1901 1594 1976 1661; x_wconf 84' lang='lat' dir='ltr'>etc.</span> <span class='ocrx_word' id='word_1_47' title='bbox 2007 1576 2073 1665; x_wconf 79' lang='lat' dir='ltr'>nu</span> 
     </span>
     <span class='ocr_line' id='line_1_9' title="bbox 800 1700 2070 1817; baseline -0.002 -24"><span class='ocrx_word' id='word_1_48' title='bbox 800 1705 952 1797; x_wconf 81' lang='lat' dir='ltr'>inuerlo</span> <span class='ocrx_word' id='word_1_49' title='bbox 980 1704 1127 1793; x_wconf 71' lang='lat' dir='ltr'>redeam</span> <span class='ocrx_word' id='word_1_50' title='bbox 1157 1706 1385 1791; x_wconf 83' lang='lat' dir='ltr'>inferiorem-</span> <span class='ocrx_word' id='word_1_51' title='bbox 1412 1700 1490 1789; x_wconf 79' lang='lat' dir='ltr'>CF</span> <span class='ocrx_word' id='word_1_52' title='bbox 1521 1720 1714 1815; x_wconf 82' lang='lat' dir='ltr'>tangunt,</span> <span class='ocrx_word' id='word_1_53' title='bbox 1750 1704 1801 1788; x_wconf 92' lang='lat' dir='ltr'>ad</span> <span class='ocrx_word' id='word_1_54' title='bbox 1844 1704 2070 1817; x_wconf 84' lang='lat' dir='ltr'>superiorem</span> 
     </span>
     <span class='ocr_line' id='line_1_10' title="bbox 799 1829 2070 1949; baseline 0.003 -34"><span class='ocrx_word' id='word_1_55' title='bbox 799 1858 899 1919; x_wconf 77' lang='lat' dir='ltr'>nero</span> <span class='ocrx_word' id='word_1_56' title='bbox 930 1829 1017 1921; x_wconf 88' lang='lat' dir='ltr'>BE</span> <span class='ocrx_word' id='word_1_57' title='bbox 1050 1834 1130 1915; x_wconf 89' lang='lat' dir='ltr'>sunt</span> <span class='ocrx_word' id='word_1_58' title='bbox 1158 1833 1501 1945; x_wconf 79' lang='lat' dir='ltr'>perpendiculares.</span> <span class='ocrx_word' id='word_1_59' title='bbox 1597 1831 1832 1919; x_wconf 82' lang='lat' dir='ltr'>Alteruatlm</span> <span class='ocrx_word' id='word_1_60' title='bbox 1869 1857 1967 1949; x_wconf 84' lang='lat' dir='ltr'>ergo</span> <span class='ocrx_word' id='word_1_61' title='bbox 2001 1832 2070 1919; x_wconf 82' lang='lat' dir='ltr'>hae</span> 
     </span>
     <span class='ocr_line' id='line_1_11' title="bbox 799 1958 1759 2060; baseline -0.003 -14"><span class='ocrx_word' id='word_1_62' title='bbox 799 1983 935 2047; x_wconf 86' lang='lat' dir='ltr'>curuae</span> <span class='ocrx_word' id='word_1_63' title='bbox 969 1962 1079 2060; x_wconf 75' lang='lat' dir='ltr'>litum</span> <span class='ocrx_word' id='word_1_64' title='bbox 1107 1977 1245 2049; x_wconf 76' lang='lat' dir='ltr'>tenent</span> <span class='ocrx_word' id='word_1_65' title='bbox 1273 1961 1449 2048; x_wconf 71' lang='lat' dir='ltr'>eredum</span> <span class='ocrx_word' id='word_1_66' title='bbox 1480 1980 1523 2047; x_wconf 85' lang='lat' dir='ltr'>et</span> <span class='ocrx_word' id='word_1_67' title='bbox 1554 1958 1759 2046; x_wconf 85' lang='lat' dir='ltr'>iuucrsum.</span> 
     </span>
    </p>
   </div>
   <div class='ocr_carea' id='block_1_4' title="bbox 1379 2141 1502 2233">
    <p class='ocr_par' dir='ltr' id='par_1_5' title="bbox 1379 2141 1502 2233">
     <span class='ocr_line' id='line_1_12' title="bbox 1379 2141 1502 2233; baseline 0.008 -1"><span class='ocrx_word' id='word_1_68' title='bbox 1379 2141 1502 2233; x_wconf 83' lang='lat' dir='ltr'>vm.</span> 
     </span>
    </p>
   </div>
   <div class='ocr_carea' id='block_1_5' title="bbox 801 2271 2070 2533">
    <p class='ocr_par' dir='ltr' id='par_1_6' title="bbox 801 2271 2070 2533">
     <span class='ocr_line' id='line_1_13' title="bbox 948 2271 2070 2405; baseline -0.001 -29"><span class='ocrx_word' id='word_1_69' title='bbox 948 2290 1053 2378; x_wconf 86' lang='lat' dir='ltr'>Hinc</span> <span class='ocrx_word' id='word_1_70' title='bbox 1096 2290 1178 2378; x_wconf 91' lang='lat' dir='ltr'>iam</span> <span class='ocrx_word' id='word_1_71' title='bbox 1212 2316 1310 2379; x_wconf 89' lang='lat' dir='ltr'>non</span> <span class='ocrx_word' id='word_1_72' title='bbox 1357 2271 1440 2378; x_wconf 88' lang='lat' dir='ltr'>leue</span> <span class='ocrx_word' id='word_1_73' title='bbox 1484 2306 1754 2405; x_wconf 87' lang='lat' dir='ltr'>argumentum</span> <span class='ocrx_word' id='word_1_74' title='bbox 1802 2308 1877 2399; x_wconf 88' lang='lat' dir='ltr'>pro</span> <span class='ocrx_word' id='word_1_75' title='bbox 1915 2289 2070 2375; x_wconf 81' lang='lat' dir='ltr'>ueritate</span> 
     </span>
     <span class='ocr_line' id='line_1_14' title="bbox 801 2415 2069 2533; baseline 0.002 -28"><span class='ocrx_word' id='word_1_76' title='bbox 801 2418 1084 2505; x_wconf 82' lang='lat' dir='ltr'>Theorematis</span> <span class='ocrx_word' id='word_1_77' title='bbox 1134 2421 1373 2533; x_wconf 76' lang='lat' dir='ltr'>adequimur.</span> <span class='ocrx_word' id='word_1_78' title='bbox 1440 2415 1483 2507; x_wconf 90' lang='lat' dir='ltr'>Si</span> <span class='ocrx_word' id='word_1_79' title='bbox 1516 2422 1621 2505; x_wconf 90' lang='lat' dir='ltr'>enim</span> <span class='ocrx_word' id='word_1_80' title='bbox 1671 2419 1713 2503; x_wconf 91' lang='lat' dir='ltr'>in</span> <span class='ocrx_word' id='word_1_81' title='bbox 1763 2416 1833 2502; x_wconf 84' lang='lat' dir='ltr'>hac</span> <span class='ocrx_word' id='word_1_82' title='bbox 1876 2440 2069 2507; x_wconf 82' lang='lat' dir='ltr'>eumarum</span> 
     </span>
    </p>
   </div>
   <div class='ocr_carea' id='block_1_6' title="bbox 801 2546 2224 2657">
    <p class='ocr_par' dir='ltr' id='par_1_7' title="bbox 801 2546 2224 2657">
     <span class='ocr_line' id='line_1_15' title="bbox 801 2546 2224 2657; baseline 0 -26"><span class='ocrx_word' id='word_1_83' title='bbox 801 2550 895 2633; x_wconf 86' lang='lat' dir='ltr'>serie</span> <span class='ocrx_word' id='word_1_84' title='bbox 926 2562 1045 2655; x_wconf 82' lang='lat' dir='ltr'>earn,</span> <span class='ocrx_word' id='word_1_85' title='bbox 1093 2550 1203 2633; x_wconf 90' lang='lat' dir='ltr'>cuius</span> <span class='ocrx_word' id='word_1_86' title='bbox 1250 2548 1352 2632; x_wconf 89' lang='lat' dir='ltr'>ordo</span> <span class='ocrx_word' id='word_1_87' title='bbox 1391 2572 1413 2633; x_wconf 86' lang='lat' dir='ltr'>a</span> <span class='ocrx_word' id='word_1_88' title='bbox 1450 2552 1576 2657; x_wconf 89' lang='lat' dir='ltr'>prima</span> <span class='ocrx_word' id='word_1_89' title='bbox 1609 2565 1773 2633; x_wconf 87' lang='lat' dir='ltr'>numero</span> <span class='ocrx_word' id='word_1_90' title='bbox 1801 2570 1827 2629; x_wconf 89' lang='lat' dir='ltr'>n</span> <span class='ocrx_word' id='word_1_91' title='bbox 1857 2546 2071 2657; x_wconf 86' lang='lat' dir='ltr'>iudicatur,</span> <span class='ocrx_word' id='word_1_92' title='bbox 2222 2563 2224 2596; x_wconf 70' lang='lat'><strong><em>¹</em></strong></span> 
     </span>
    </p>
   </div>
   <div class='ocr_carea' id='block_1_7' title="bbox 793 2670 2076 3687">
    <p class='ocr_par' dir='ltr' id='par_1_8' title="bbox 793 2670 2076 3687">
     <span class='ocr_line' id='line_1_16' title="bbox 801 2670 2072 2792; baseline 0.002 -31"><span class='ocrx_word' id='word_1_93' title='bbox 801 2690 994 2791; x_wconf 83' lang='lat' dir='ltr'>ponamus</span> <span class='ocrx_word' id='word_1_94' title='bbox 1020 2670 1107 2767; x_wconf 61' lang='lat'>¹1³,</span> <span class='ocrx_word' id='word_1_95' title='bbox 1153 2676 1373 2788; x_wconf 88' lang='lat' dir='ltr'>sequentem</span> <span class='ocrx_word' id='word_1_96' title='bbox 1425 2676 1500 2792; x_wconf 82' lang='lat' dir='ltr'>Q,</span> <span class='ocrx_word' id='word_1_97' title='bbox 1547 2676 1722 2787; x_wconf 84' lang='lat' dir='ltr'>hancque</span> <span class='ocrx_word' id='word_1_98' title='bbox 1755 2676 1971 2785; x_wconf 85' lang='lat' dir='ltr'>sequentem</span> <span class='ocrx_word' id='word_1_99' title='bbox 2005 2676 2072 2786; x_wconf 82' lang='lat' dir='ltr'>R,</span> 
     </span>
     <span class='ocr_line' id='line_1_17' title="bbox 801 2797 2072 2917; baseline 0 -28"><span class='ocrx_word' id='word_1_100' title='bbox 801 2797 973 2891; x_wconf 86' lang='lat' dir='ltr'>indicem</span> <span class='ocrx_word' id='word_1_101' title='bbox 1009 2827 1033 2890; x_wconf 89' lang='lat' dir='ltr'>n</span> <span class='ocrx_word' id='word_1_102' title='bbox 1062 2821 1159 2890; x_wconf 83' lang='lat' dir='ltr'>ueto</span> <span class='ocrx_word' id='word_1_103' title='bbox 1188 2802 1386 2891; x_wconf 88' lang='lat' dir='ltr'>infinitum</span> <span class='ocrx_word' id='word_1_104' title='bbox 1415 2807 1681 2917; x_wconf 74' lang='lat' dir='ltr'>adumamus3</span> <span class='ocrx_word' id='word_1_105' title='bbox 1729 2802 1911 2916; x_wconf 89' lang='lat' dir='ltr'>quoniam</span> <span class='ocrx_word' id='word_1_106' title='bbox 1940 2816 2072 2890; x_wconf 82' lang='lat' dir='ltr'>curuae</span> 
     </span>
     <span class='ocr_line' id='line_1_18' title="bbox 802 2931 2071 3046; baseline -0.002 -27"><span class='ocrx_word' id='word_1_107' title='bbox 802 2932 834 3019; x_wconf 91' lang='lat' dir='ltr'>P</span> <span class='ocrx_word' id='word_1_108' title='bbox 863 2951 905 3016; x_wconf 92' lang='lat' dir='ltr'>et</span> <span class='ocrx_word' id='word_1_109' title='bbox 939 2932 977 3019; x_wconf 86' lang='lat' dir='ltr'>R</span> <span class='ocrx_word' id='word_1_110' title='bbox 1006 2936 1200 3019; x_wconf 78' lang='lat' dir='ltr'>ambacu</span> <span class='ocrx_word' id='word_1_111' title='bbox 1234 2936 1431 3046; x_wconf 85' lang='lat' dir='ltr'>principio</span> <span class='ocrx_word' id='word_1_112' title='bbox 1464 2931 1614 3019; x_wconf 82' lang='lat' dir='ltr'>infinite</span> <span class='ocrx_word' id='word_1_113' title='bbox 1649 2932 1825 3043; x_wconf 84' lang='lat' dir='ltr'>distant,</span> <span class='ocrx_word' id='word_1_114' title='bbox 1871 2950 2071 3043; x_wconf 82' lang='lat' dir='ltr'>paremque</span> 
     </span>
     <span class='ocr_line' id='line_1_19' title="bbox 801 3060 2069 3174; baseline -0.002 -27"><span class='ocrx_word' id='word_1_115' title='bbox 801 3060 915 3147; x_wconf 90' lang='lat' dir='ltr'>srtum</span> <span class='ocrx_word' id='word_1_116' title='bbox 946 3062 1043 3145; x_wconf 86' lang='lat' dir='ltr'>inter</span> <span class='ocrx_word' id='word_1_117' title='bbox 1076 3060 1271 3174; x_wconf 81' lang='lat' dir='ltr'>parallelas</span> <span class='ocrx_word' id='word_1_118' title='bbox 1300 3061 1478 3164; x_wconf 86' lang='lat' dir='ltr'>semant,</span> <span class='ocrx_word' id='word_1_119' title='bbox 1520 3064 1569 3148; x_wconf 85' lang='lat' dir='ltr'>ad</span> <span class='ocrx_word' id='word_1_120' title='bbox 1603 3062 1773 3173; x_wconf 83' lang='lat' dir='ltr'>primam</span> <span class='ocrx_word' id='word_1_121' title='bbox 1803 3083 1957 3170; x_wconf 85' lang='lat' dir='ltr'>quoque</span> <span class='ocrx_word' id='word_1_122' title='bbox 1987 3076 2069 3145; x_wconf 86' lang='lat' dir='ltr'>ean·</span> 
     </span>
     <span class='ocr_line' id='line_1_20' title="bbox 802 3186 2073 3304; baseline 0 -31"><span class='ocrx_word' id='word_1_123' title='bbox 802 3190 894 3273; x_wconf 89' lang='lat' dir='ltr'>dem</span> <span class='ocrx_word' id='word_1_124' title='bbox 928 3188 1149 3278; x_wconf 82' lang='lat' dir='ltr'>relationem</span> <span class='ocrx_word' id='word_1_125' title='bbox 1182 3208 1335 3299; x_wconf 79' lang='lat' dir='ltr'>tenere,</span> <span class='ocrx_word' id='word_1_126' title='bbox 1364 3190 1530 3304; x_wconf 87' lang='lat' dir='ltr'>ideoque</span> <span class='ocrx_word' id='word_1_127' title='bbox 1563 3192 1662 3274; x_wconf 88' lang='lat' dir='ltr'>inter</span> <span class='ocrx_word' id='word_1_128' title='bbox 1692 3186 1730 3273; x_wconf 89' lang='lat' dir='ltr'>se</span> <span class='ocrx_word' id='word_1_129' title='bbox 1779 3188 1952 3297; x_wconf 82' lang='lat' dir='ltr'>aequales</span> <span class='ocrx_word' id='word_1_130' title='bbox 1999 3187 2073 3273; x_wconf 81' lang='lat' dir='ltr'>effe</span> 
     </span>
     <span class='ocr_line' id='line_1_21' title="bbox 801 3313 2071 3431; baseline -0.005 -32"><span class='ocrx_word' id='word_1_131' title='bbox 801 3316 958 3399; x_wconf 89' lang='lat' dir='ltr'>debent.</span> <span class='ocrx_word' id='word_1_132' title='bbox 991 3316 1060 3405; x_wconf 86' lang='lat' dir='ltr'>Ex</span> <span class='ocrx_word' id='word_1_133' title='bbox 1089 3342 1169 3429; x_wconf 94' lang='lat' dir='ltr'>quo</span> <span class='ocrx_word' id='word_1_134' title='bbox 1186 3336 1389 3431; x_wconf 76' lang='lat' dir='ltr'>utramque</span> <span class='ocrx_word' id='word_1_135' title='bbox 1418 3318 1634 3427; x_wconf 86' lang='lat' dir='ltr'>cycloidem</span> <span class='ocrx_word' id='word_1_136' title='bbox 1665 3313 1742 3400; x_wconf 82' lang='lat' dir='ltr'>effe</span> <span class='ocrx_word' id='word_1_137' title='bbox 1770 3314 1910 3401; x_wconf 89' lang='lat' dir='ltr'>debere</span> <span class='ocrx_word' id='word_1_138' title='bbox 1953 3319 2071 3402; x_wconf 83' lang='lat' dir='ltr'>mani.</span> 
     </span>
     <span class='ocr_line' id='line_1_22' title="bbox 800 3440 2076 3561; baseline 0.009 -35"><span class='ocrx_word' id='word_1_139' title='bbox 800 3440 895 3527; x_wconf 86' lang='lat' dir='ltr'>fello</span> <span class='ocrx_word' id='word_1_140' title='bbox 929 3446 1108 3556; x_wconf 86' lang='lat' dir='ltr'>sequitur,</span> <span class='ocrx_word' id='word_1_141' title='bbox 1143 3444 1314 3529; x_wconf 82' lang='lat' dir='ltr'>undeet</span> <span class='ocrx_word' id='word_1_142' title='bbox 1345 3446 1527 3561; x_wconf 77' lang='lat' dir='ltr'>reliquae</span> <span class='ocrx_word' id='word_1_143' title='bbox 1540 3446 1758 3533; x_wconf 77' lang='lat' dir='ltr'>iuteriedlae</span> <span class='ocrx_word' id='word_1_144' title='bbox 1787 3464 1901 3531; x_wconf 88' lang='lat' dir='ltr'>eruut</span> <span class='ocrx_word' id='word_1_145' title='bbox 1931 3445 2076 3555; x_wconf 81' lang='lat' dir='ltr'>cycloi-</span> 
     </span>
     <span class='ocr_line' id='line_1_23' title="bbox 793 3568 1333 3687; baseline 0.006 -31"><span class='ocrx_word' id='word_1_146' title='bbox 793 3570 870 3657; x_wconf 82' lang='lat' dir='ltr'>&#39;des</span> <span class='ocrx_word' id='word_1_147' title='bbox 896 3568 967 3657; x_wconf 86' lang='lat' dir='ltr'>iltu</span> <span class='ocrx_word' id='word_1_148' title='bbox 1000 3574 1149 3659; x_wconf 81' lang='lat' dir='ltr'>inuenio</span> <span class='ocrx_word' id='word_1_149' title='bbox 1176 3573 1333 3687; x_wconf 80' lang='lat' dir='ltr'>politae.</span> 
     </span>
    </p>
   </div>
   <div class='ocr_carea' id='block_1_8' title="bbox 803 3738 2074 4260">
    <p class='ocr_par' dir='ltr' id='par_1_9' title="bbox 803 3738 2074 4260">
     <span class='ocr_line' id='line_1_24' title="bbox 1400 3738 1482 3830; baseline -0.049 0"><span class='ocrx_word' id='word_1_150' title='bbox 1400 3738 1482 3830; x_wconf 87' lang='lat' dir='ltr'>IX.</span> 
     </span>
     <span class='ocr_line' id='line_1_25' title="bbox 942 3884 2073 4000; baseline -0.004 -24"><span class='ocrx_word' id='word_1_151' title='bbox 942 3886 1073 3976; x_wconf 83' lang='lat' dir='ltr'>obiici</span> <span class='ocrx_word' id='word_1_152' title='bbox 1101 3905 1234 3975; x_wconf 85' lang='lat' dir='ltr'>autem</span> <span class='ocrx_word' id='word_1_153' title='bbox 1268 3914 1348 3974; x_wconf 86' lang='lat' dir='ltr'>non</span> <span class='ocrx_word' id='word_1_154' title='bbox 1381 3892 1458 3975; x_wconf 84' lang='lat' dir='ltr'>fine</span> <span class='ocrx_word' id='word_1_155' title='bbox 1488 3887 1636 3999; x_wconf 80' lang='lat' dir='ltr'>lugenti</span> <span class='ocrx_word' id='word_1_156' title='bbox 1669 3888 1751 3973; x_wconf 81' lang='lat' dir='ltr'>veri</span> <span class='ocrx_word' id='word_1_157' title='bbox 1784 3884 1910 3997; x_wconf 85' lang='lat' dir='ltr'>specie</span> <span class='ocrx_word' id='word_1_158' title='bbox 1935 3884 2073 4000; x_wconf 74' lang='lat' dir='ltr'>puleii,</span> 
     </span>
     <span class='ocr_line' id='line_1_26' title="bbox 804 4015 2072 4129; baseline -0.002 -26"><span class='ocrx_word' id='word_1_159' title='bbox 804 4016 907 4129; x_wconf 86' lang='lat' dir='ltr'>quod</span> <span class='ocrx_word' id='word_1_160' title='bbox 954 4016 982 4105; x_wconf 89' lang='lat' dir='ltr'>sr</span> <span class='ocrx_word' id='word_1_161' title='bbox 1031 4041 1167 4106; x_wconf 83' lang='lat' dir='ltr'>cumae</span> <span class='ocrx_word' id='word_1_162' title='bbox 1218 4017 1481 4106; x_wconf 84' lang='lat' dir='ltr'>infinitefimae</span> <span class='ocrx_word' id='word_1_163' title='bbox 1526 4019 1667 4101; x_wconf 81' lang='lat' dir='ltr'>fuerint</span> <span class='ocrx_word' id='word_1_164' title='bbox 1714 4015 1940 4126; x_wconf 80' lang='lat' dir='ltr'>cycloides,</span> <span class='ocrx_word' id='word_1_165' title='bbox 1989 4035 2072 4112; x_wconf 85' lang='lat' dir='ltr'>tum</span> 
     </span>
     <span class='ocr_line' id='line_1_27' title="bbox 803 4141 2074 4260; baseline -0.006 -27"><span class='ocrx_word' id='word_1_166' title='bbox 803 4164 945 4233; x_wconf 85' lang='lat' dir='ltr'>omues</span> <span class='ocrx_word' id='word_1_167' title='bbox 994 4148 1303 4254; x_wconf 84' lang='lat' dir='ltr'>praecedentium</span> <span class='ocrx_word' id='word_1_168' title='bbox 1349 4148 1490 4260; x_wconf 86' lang='lat' dir='ltr'>pariter</span> <span class='ocrx_word' id='word_1_169' title='bbox 1525 4147 1721 4253; x_wconf 86' lang='lat' dir='ltr'>cycloides</span> <span class='ocrx_word' id='word_1_170' title='bbox 1749 4141 1829 4231; x_wconf 83' lang='lat' dir='ltr'>else</span> <span class='ocrx_word' id='word_1_171' title='bbox 1858 4147 2074 4254; x_wconf 79' lang='lat' dir='ltr'>deberent,</span> 
     </span>
    </p>
   </div>
   <div class='ocr_carea' id='block_1_9' title="bbox 803 4272 2079 4515">
    <p class='ocr_par' dir='ltr' id='par_1_10' title="bbox 803 4272 2079 4515">
     <span class='ocr_line' id='line_1_28' title="bbox 803 4272 2079 4397; baseline -0.002 -38"><span class='ocrx_word' id='word_1_172' title='bbox 803 4298 926 4384; x_wconf 87' lang='lat' dir='ltr'>neque</span> <span class='ocrx_word' id='word_1_173' title='bbox 959 4272 1074 4381; x_wconf 85' lang='lat' dir='ltr'>igitur</span> <span class='ocrx_word' id='word_1_174' title='bbox 1104 4277 1276 4383; x_wconf 89' lang='lat' dir='ltr'>primum</span> <span class='ocrx_word' id='word_1_175' title='bbox 1308 4275 1439 4361; x_wconf 92' lang='lat' dir='ltr'>locum</span> <span class='ocrx_word' id='word_1_176' title='bbox 1470 4300 1583 4359; x_wconf 81' lang='lat' dir='ltr'>cunta</span> <span class='ocrx_word' id='word_1_177' title='bbox 1612 4298 1854 4397; x_wconf 87' lang='lat' dir='ltr'>quaecuuque</span> <span class='ocrx_word' id='word_1_178' title='bbox 1893 4295 2079 4383; x_wconf 79' lang='lat' dir='ltr'>occupare</span> 
     </span>
     <span class='ocr_line' id='line_1_29' title="bbox 805 4398 2077 4515; baseline 0.001 -33"><span class='ocrx_word' id='word_1_179' title='bbox 805 4398 948 4509; x_wconf 78' lang='lat' dir='ltr'>pollet.</span> <span class='ocrx_word' id='word_1_180' title='bbox 1011 4398 1156 4493; x_wconf 77' lang='lat' dir='ltr'>Verum</span> <span class='ocrx_word' id='word_1_181' title='bbox 1190 4403 1369 4492; x_wconf 78' lang='lat' dir='ltr'>adhunc</span> <span class='ocrx_word' id='word_1_182' title='bbox 1406 4401 1670 4489; x_wconf 78' lang='lat' dir='ltr'>obiediionem</span> <span class='ocrx_word' id='word_1_183' title='bbox 1719 4402 1827 4487; x_wconf 76' lang='lat' dir='ltr'>facile</span> <span class='ocrx_word' id='word_1_184' title='bbox 1875 4400 2077 4515; x_wconf 87' lang='lat' dir='ltr'>responde·</span> 
     </span>
    </p>
   </div>
   <div class='ocr_carea' id='block_1_10' title="bbox 805 4526 2083 4745">
    <p class='ocr_par' dir='ltr' id='par_1_11' title="bbox 805 4526 2083 4745">
     <span class='ocr_line' id='line_1_30' title="bbox 805 4526 2082 4645; baseline 0 -34"><span class='ocrx_word' id='word_1_185' title='bbox 805 4546 900 4637; x_wconf 87' lang='lat' dir='ltr'>tur,</span> <span class='ocrx_word' id='word_1_186' title='bbox 932 4549 1063 4612; x_wconf 85' lang='lat' dir='ltr'>cumas</span> <span class='ocrx_word' id='word_1_187' title='bbox 1093 4526 1356 4618; x_wconf 84' lang='lat' dir='ltr'>infinitefimas</span> <span class='ocrx_word' id='word_1_188' title='bbox 1386 4534 1438 4619; x_wconf 90' lang='lat' dir='ltr'>ita</span> <span class='ocrx_word' id='word_1_189' title='bbox 1467 4531 1696 4622; x_wconf 76' lang='lat' dir='ltr'>confidenti</span> <span class='ocrx_word' id='word_1_190' title='bbox 1725 4552 1946 4645; x_wconf 89' lang='lat' dir='ltr'>oportere,</span> <span class='ocrx_word' id='word_1_191' title='bbox 1976 4526 2082 4639; x_wconf 84' lang='lat' dir='ltr'>quali</span> 
     </span>
     <span class='ocr_line' id='line_1_31' title="bbox 1537 4654 2083 4745; baseline -0.009 0"><span class='ocrx_word' id='word_1_192' title='bbox 1537 4657 1540 4660; x_wconf 76' lang='grc'>’</span> <span class='ocrx_word' id='word_1_193' title='bbox 1928 4654 2083 4745; x_wconf 86' lang='lat' dir='ltr'>infinite</span> 
     </span>
    </p>
   </div>
   <div class='ocr_carea' id='block_1_11' title="bbox 0 0 2260 5809">
    <p class='ocr_par' dir='ltr' id='par_1_12' title="bbox 0 0 2260 5809">
     <span class='ocr_line' id='line_1_32' title="bbox 0 0 2260 5809; baseline 0 0"><span class='ocrx_word' id='word_1_194' title='bbox 0 0 2260 5809; x_wconf 95' lang='lat' dir='ltr'> </span> 
     </span>
    </p>
   </div>
  </div>
 </body>
</html>
