4492 5809
801 559 861 653 Μ
1014 541 1018 548 ’
1160 531 1266 632 DE
1328 533 1731 634 METHODO
1839 573 1843 581 ·

796 772 918 881 lyseoa·
939 795 1097 858 mecum
1127 769 1313 856 beneuole
1344 769 1657 856 communicault.
1724 765 1836 882 Quae
1866 785 1956 850 cum
1984 765 2069 880 plu,
2143 874 2146 880 ¹

798 904 942 988 timum
975 907 1016 987 in
1050 901 1188 987 recessu
1220 902 1361 985 habere
1394 901 1630 1008 videantur,
1677 919 1772 984 meo
1800 917 1912 980 more
1940 897 2071 1010 expli·

800 1035 920 1119 canda
949 1050 987 1117 et
1022 1031 1176 1118 vberius
1203 1027 1412 1113 excolenda
1442 1025 1565 1112 llntui.

1393 1187 1489 1278 Vll.
1611 1171 1614 1178 ¹

739 1375 752 1402 ·
862 1412 865 1416 -
918 1354 1243 1466 ,Confideremus
1270 1359 1386 1464 igitur
1413 1357 1452 1440 in
1486 1351 1625 1468 genere
1656 1357 1862 1444 formulam
1904 1359 2077 1474 integra·

799 1489 881 1576 lem
905 1485 942 1602 s
950 1483 990 1575 Z
1011 1493 1042 1577 d
1051 1517 1099 1601 x,
1128 1491 1168 1572 in
1199 1515 1272 1600 qua
1301 1489 1349 1572 srt
1380 1481 1431 1572 Z*
1450 1487 1599 1572 strndiio
1630 1511 1820 1598 utcunque
1854 1511 1922 1600 per
1947 1508 2073 1594 :cety

800 1622 1044 1732 composita,
1094 1643 1192 1729 quae
1240 1619 1362 1730 etiam
1413 1620 1608 1726 rationem
1657 1615 1959 1702 differentialium
1991 1641 2071 1702 uon

798 1747 923 1832 solum
956 1751 1072 1861 primi
1103 1745 1165 1830 sed
1198 1747 1316 1828 etiam
1353 1741 1593 1854 superiorum
1643 1745 1825 1829 ordinum
1875 1745 2075 1848 inuoluat,

800 1899 846 1960 ac
876 1894 1073 1985 praeterea
1104 1899 1255 1987 quoque
1288 1895 1406 1955 unam
1436 1871 1565 1985 plures
1593 1897 1647 1959 ue
1683 1871 1864 1956 formulae
1878 1875 2077 1984 integrales
2213 1856 2214 1863 Ν

795 2005 1094 2113 compledlatut.
1162 1999 1267 2084 rto
1298 2003 1381 2084 eius
1408 2022 1538 2088 autem
1570 2003 1886 2103 determinatione
1913 2002 2075 2088 alsuma·

800 2156 888 2217 mus
917 2132 1098 2244 integrale
1129 2131 1182 2216 ita
1210 2129 1326 2242 capi,
1354 2150 1400 2214 vt
1431 2129 1621 2216 tumescat
1652 2128 1782 2241 posrto
1796 2154 1958 2242 x:o;
1986 2149 2068 2218 tum

789 2264 901 2345 'teto
931 2263 1020 2372 poll
1049 2263 1345 2370 integrationem
1376 2258 1684 2371 tribuamus'ipli
1714 2281 1745 2342 x
1761 2260 1937 2342 valorem
1954 2283 2072 2370 quen·

801 2387 895 2473 dam
928 2390 1063 2474 datum
1093 2410 1125 2472 x
1143 2415 1197 2473 :·.
1216 2414 1263 2496 a,
1288 2387 1405 2495 fitque
1436 2393 1477 2475 A
1506 2386 1643 2489 valor,
1671 2408 1790 2496 quem
1820 2386 1985 2472 formula
2010 2390 2070 2470 in·

800 2515 954 2623 tegtalia
982 2538 1069 2602 tum
1102 2517 1254 2630 recipit.
1316 2512 1404 2600 Iam
1435 2515 1605 2631 quaestio
1630 2516 1673 2598 in
1702 2511 1783 2598 hoc
1813 2517 2003 2622 versatur,
2028 2531 2073 2598 rt

792 2642 955 2733 ‚definiri
1004 2645 1142 2728 debeat
1190 2669 1237 2730 ea
1284 2641 1421 2727 relatio
1470 2650 1568 2730 inter
1617 2668 1648 2730 x
1678 2659 1718 2727 et
1731 2667 1782 2746 y,
1813 2668 1870 2730 ex
1900 2669 1974 2755 qua
2003 2667 2071 2755 pet

685 2791 693 2808 ·
792 2771 886 2858 istas
913 2773 1156 2884 operationes
1184 2770 1379 2858 maximus
1408 2772 1476 2859 vel
1520 2771 1705 2859 minimus
1750 2770 1865 2860 valor
1911 2798 1989 2884 pro
2009 2773 2072 2858 ,Α
2196 2796 2200 2808 ·

666 3010 672 3022 ,
800 2899 1030 2987 obtineatur.
1097 2901 1210 2987 llanc
1240 2899 1355 3011 igitur
1383 2903 1611 2988 relationem
1643 2903 1743 2986 inter
1772 2925 1805 2986 x
1834 2919 1874 2983 et
1898 2928 1944 3013 y,
1977 2925 2072 3014 quae

667 3100 670 3104 s
794 3031 962 3138 quaesito
1004 3030 1227 3137 satisfaciat,
1274 3034 1501 3138 aequatione
1550 3029 1820 3142 quadam-stuc
1850 3027 1959 3116 fiuita
1989 3029 2065 3114 siue

794 3155 1034 3262 differentiali
1065 3182 1312 3266 mauscunque
1340 3160 1484 3245 ordinis
1520 3158 1690 3270 exprimi
1737 3177 1923 3268 oportet,
1970 3181 2068 3268 quae

793 3282 950 3370 simulac
993 3285 1105 3374 suerit
1148 3291 1337 3395 inuenta,
1388 3287 1589 3399 problema
1619 3311 1697 3405 pro
1721 3285 1850 3374 soluto
1888 3290 1964 3376 etit
1994 3285 2063 3376 lta·

804 3410 990 3503 bendum.
1331 3441 1335 3450 ’
1419 3466 1429 3484 ·

1332 3543 1335 3550 ’
1385 3565 1504 3656 vrrr.

953 3725 1176 3834 Portemus,
1206 3723 1264 3808 uti
1296 3720 1336 3810 in
1369 3723 1527 3836 Analysr
1558 3721 1643 3813 fieri
1677 3721 1798 3832 solet,
1838 3721 1936 3807 hanc
1972 3718 2079 3806 rela-

793 3853 942 3942 tionem
975 3858 1076 3939 inter
1105 3875 1136 3937 x
1164 3853 1204 3938 e't
1221 3877 1269 3960 y,
1302 3878 1397 3966 quae
1431 3855 1642 3964 quaeritur,
1670 3857 1749 3938 lam
1778 3851 1988 3957 constare,
2018 3851 2072 3933 ita

798 4005 843 4070 tt
874 3986 1087 4096 quicunque
1120 3982 1230 4068 ualor
1261 3981 1437 4067 delinitus
1467 4007 1547 4096 pro·
1570 4011 1602 4070 x
1629 3979 1868 4086 assumatur,
1913 3980 2001 4062 inde
2034 4002 2077 4084 y

785 4133 964 4220 quoque,
990 4135 1036 4194 ac
1066 4113 1232 4220 proinde
1264 4116 1387 4196 etiam
1421 4111 1565 4197 lunello
1596 4105 1652 4214 Z,
1689 4111 1862 4196 valorem
1879 4104 2083 4192 determi-

786 4261 932 4323 uatum
966 4239 1204 4344 adipiscatur.
1298 4237 1573 4351 Concipiantur
1601 4241 1678 4324 hoc
1708 4237 1834 4321 modo
1870 4233 2081 4332 succeffiue

785 4392 872 4480 pto
902 4389 934 4450 x
963 4389 1101 4448 omnes
1132 4365 1319 4478 poffibdes
1350 4368 1500 4452 valeres
1529 4395 1550 4454 a
1583 4369 1754 4454 termino
1784 4387 1930 4450 azo·
1951 4387 2083 4473 reque

587 4507 594 4515 ’
730 4569 735 4576 .
792 4499 841 4626 ad
888 4495 1098 4582 terminum
1145 4495 1273 4584 κε’-,τα
1322 4495 1517 4608 substitui,
1561 4499 1626 4612 qui
1673 4493 1882 4582 interuallis
1914 4490 2086 4579 infinite

1824 4669 1871 4682 π
1951 4619 2103 4737 paruis
