4492 5809
601 608 1029 773 uggloraaaa
1419 629 1451 759 a
1576 680 1579 685 ·

171 896 310 973 tentae
342 882 522 1001 exprimi
554 903 718 1002 queant
782 890 896 1007 Qrin
939 885 1077 1000 potius
1126 898 1330 997 praeterea
1377 884 1454 971 in·

168 1016 437 1104 numerabilia
468 1014 548 1105 alia
579 1008 859 1131 quantitatum
885 1018 1257 1103 transcendentium·
1279 1038 1454 1125 genera,

168 1160 256 1232 tarn
287 1148 398 1235 inter
431 1149 469 1235 se
501 1170 626 1261 quam
658 1148 706 1233 ab
734 1146 818 1233 illis
846 1172 900 1234 ex
930 1148 1086 1237 circulo
1114 1165 1156 1232 et
1181 1144 1449 1255 logatithmls

154 1275 271 1369 xuatis
302 1277 485 1364 maxime
499 1278 788 1391 discrepantia,
808 1278 967 1386 agnosci
998 1294 1188 1391 oportet3
1217 1279 1325 1361 inter
1342 1296 1447 1388 quae

166 1404 426 1517 potiffimum
461 1410 596 1495 notati
628 1426 842 1493 merentur
880 1430 958 1512 ea,
1009 1428 1113 1518 quae
1151 1426 1208 1489 ex
1243 1404 1447 1495 renidea-

167 1532 280 1623 tione
311 1534 525 1650 ellipsrum
561 1552 604 1621 et
644 1532 972 1648 hyperbolarum
1009 1530 1218 1639 originem
1255 1536 1448 1643 ducunt,

164 1679 388 1773 propterea
409 1666 521 1777 quod
546 1661 623 1749 hae
648 1686 800 1749 curuae
825 1664 914 1777 post
938 1658 1153 1748 circulum
1169 1659 1265 1746 sunt
1286 1664 1447 1752 notitia.-

165 1811 262 1873 mae
277 1811 321 1879 et
339 1790 534 1881 facillime
557 1793 846 1881 describuntur.
892 1792 1277 1912 quomodocunque
1301 1812 1447 1879 autem

162 1932 255 2003 tarn
271 1922 314 2007 in
330 1921 498 2035 ellipfi3
529 1948 656 2037 quam
673 1921 898 2035 hyperbole
915 1948 1031 2011 arcus
1046 1920 1346 2031 rescindantur,
1371 1948 1445 2011 eo·

159 2070 261 2137 turn
294 2055 499 2163 quantitas
534 2079 617 2139 non
650 2051 788 2141 solum
827 2049 955 2139 nullis
989 2048 1182 2143 formulis
1223 2056 1446 2145 irrationa-

158 2174 271 2263 libus
299 2185 495 2294 exprimi,
512 2183 576 2273 sed
607 2189 733 2273 etiam
767 2184 890 2271 nullo
918 2187 1044 2277 modo
1077 2184 1289 2296 nequead
1328 2206 1444 2272 ancus

157 2309 380 2397 circulares
418 2337 548 2428 neque
588 2314 637 2401 ad
687 2310 963 2423 logaritbmos
1012 2315 1198 2404 reuocari
1249 2310 1449 2429 poffirntt

153 2440 422 2551 quinetiam
455 2440 610 2550 singuli
639 2468 755 2531 arcus
790 2462 876 2533 tarn
908 2443 1084 2561 elliptici
1116 2467 1249 2558 quam
1284 2442 1444 2559 bypen-

154 2566 284 2657 bolici
317 2571 539 2684 peculiares
568 2578 814 2683 quantitates
854 2576 1172 2667 tnnoendentee
1215 2572 1449 2678 exhibent,
1593 2568 1596 2571 ⁴

149 2698 366 2807 quoniam
392 2720 446 2779 ne
477 2700 584 2783 inter
615 2698 656 2783 se
687 2704 884 2811 quidem,
914 2703 992 2789 nisr
1024 2702 1275 2817 paucilbmis.
1290 2700 1448 2791 taliban

150 2825 379 2935 exceptis,
406 2820 635 2933 computati
669 2825 845 2933 possunt.
909 2828 980 2913 Ad
1012 2827 1327 2916 innumerabilia
1362 2827 1459 2916 alia.

150 2971 305 3046 autem
345 2966 626 3065 quantitatum
666 2950 1038 3045 transcendentium
1073 2980 1222 3065 genera
1259 2952 1443 3046 calcubre

150 3076 371 3192 integralis
403 3079 616 3193 perducit,
644 3078 749 3165 dum
778 3082 975 3166 omnibus
1005 3084 1197 3175 formulis
1224 3082 1442 3196 integrali.-

150 3210 265 3321 bua,
306 3230 488 3325 quatenu
535 3208 757 3316 integratio
787 3206 1005 3316 algebtaice
1044 3215 1229 3325 expediri
1260 3214 1411 3326 nequit.
1424 3276 1445 3322 ,.

152 3362 295 3433 certae
325 3341 569 3453 quantitates
601 3338 917 3427 transcendentes
948 3336 1237 3449 deignantrn,
1272 3345 1322 3429 in
1334 3366 1441 3454 qua·

152 3498 259 3563 turn
291 3486 438 3555 natura
468 3466 696 3565 euoluenda
725 3470 919 3557 industria
951 3487 1000 3555 et
1021 3471 1213 3581 sagacitas
1237 3468 1438 3580 analylla·

155 3626 259 3691 tum
293 3602 477 3687 maxime
505 3600 700 3688 cernitur.
772 3598 890 3691 Cum
937 3599 1065 3707 igitur
1110 3625 1219 3689 nunc
1264 3601 1462 3714 quidem

150 3732 206 3823 fit
234 3750 507 3846 compertum
540 3755 681 3819 ornnes
713 3727 952 3816 huiusmodi
985 3730 1185 3819 formulas
1217 3728 1437 3840 integrales

134 3858 332 3984 ΝΜ,
360 3860 392 3947 fi
426 3861 625 3981 Vhsirerit
657 3861 815 3949 aarum
843 3855 1051 3947 rationalis
1084 3860 1215 3976 ipsius
1241 3884 1305 3967 aa,
1326 3860 1437 3945 sem-

144 4022 231 4113 per
268 4014 346 4102 per
375 3990 652 4115 logtrithmos
680 4010 728 4077 et
745 4015 865 4083 arcun
883 3986 1104 4078 circulares
1116 3989 1297 4103 exprimi
1311 3985 1437 4101 posse,

145 4126 233 4213 nili'
264 4119 382 4207 torte
406 4120 670 4231 algebraicarn
704 4122 1018 4232 integrationem
1050 4122 1301 4207 admittant:
1332 4118 1434 4203 arti,-

145 4254 247 4344 ficia
283 4249 517 4357 Integrtodi
550 4278 632 4368 pto
658 4252 710 4339 iis
740 4250 918 4357 casibus,
944 4251 1092 4363 quibua
1121 4250 1165 4337 V
1193 4248 1249 4334 cst
1276 4246 1435 4335 functio

144 4374 409 4475 uranonalis
442 4380 567 4493 Ipsius
599 4407 636 4468 a*
659 4378 794 4469 adhuc
829 4378 1085 4495 potisfimum
1125 4376 1431 4485 detinentur,

143 4519 215 4604 tbi
251 4511 436 4625 quidem
467 4512 512 4598 i'd
551 4512 761 4625 i'mpn'mis
811 4508 908 4597 esset
956 4509 1221 4624 optandum,
1265 4524 1320 4593 ut
1361 4528 1433 4589 eae

144 4640 397 4757 armna,
425 4640 572 4760 qusbut
604 4644 651 4733 V
675 4644 736 4737 ert
760 4643 972 4767 quantitas
994 4634 1282 4747 neumam,
1310 4658 1431 4851 Ἥ·

1300 4787 1380 4850 tar
1412 4786 1432 4851 a
