4492 5809
791 654 882 746 290
999 623 1851 729 OBSERVATIONES

791 862 909 951 instar
937 863 1041 951 sumi
1070 882 1136 952 aut
1166 862 1325 951 nebulae
1366 862 1550 973 rarioris,
1606 861 1905 977 quodammodo
1954 838 2076 956 bene

792 1015 986 1111 parentes.
1079 1016 1086 1027 ·

938 1158 1084 1245 Primis
1117 1161 1268 1271 generis
1304 1155 1539 1245 macularum
1590 1184 1658 1247 me
1687 1185 1864 1274 unquam
1895 1164 2075 1283 reperisse

790 1283 894 1397 apud
922 1286 1022 1372 alios
1052 1291 1301 1376 mentionem
1331 1284 1517 1374 inieslatn
1539 1354 1555 1399 ,
1580 1314 1660 1377 non
1691 1294 1892 1379 recordor.

944 1448 995 1537 Iu
1040 1450 1265 1565 posterioris
1291 1456 1443 1567 generis
1472 1456 1636 1557 maculis
1663 1455 1856 1569 peculiare
1882 1459 2077 1553 obsertuui

660 1633 662 1636 -
795 1574 1133 1689 phaenomeoon,
1182 1584 1324 1693 quod,
1374 1581 1495 1695 qualis
1540 1583 1591 1669 srt
1640 1585 1879 1675 macularum
1921 1593 2075 1681 issantnr

794 1706 975 1813 indoles,
1006 1708 1182 1794 dillindie
1212 1711 1424 1797 monstrare
1456 1708 1621 1797 uidetur.
1686 1712 1735 1800 Si
1782 1740 1929 1831 nempe·
1972 1722 2078 1809 liner·

614 1791 703 1969 ’ᾖδ’
727 1795 770 1973 ἵ·
796 1834 827 1920 F
834 1828 875 1919 G
905 1838 1054 1950 separet
1080 1861 1225 1949 corpus
1255 1839 1452 1947 quoddam
1483 1862 1656 1949 opetum
1688 1836 1867 1951 HFGI,
1899 1872 1924 1932 a
1955 1866 2080 1935 truns-

704 1954 714 1968 '
763 1951 956 2074 ‘parente
986 1958 1177 2069 FGKL,
1225 1969 1326 2077 quod
1360 1990 1382 2049 a
1413 1964 1564 2051 lumine
1593 1970 1806 2057 transeunte
1833 1974 1970 2061 uiuido
1998 1978 2080 2065 illu·

795 2092 966 2202 iiratur,
1013 2116 1062 2178 uc
1093 2088 1226 2177 oculus
1253 2092 1306 2179 itt
1337 2092 1589 2205 disponatur,
1635 2116 1685 2184 ut
1715 2098 1865 2187 merulo
1893 2108 2076 2216 quaedam

795 2219 941 2305 incidat
987 2218 1148 2324 dimidiu
1198 2221 1251 2307 sui
1299 2240 1412 2335 purte
1460 2220 1603 2315 ADC
1658 2229 1698 2313 in
1731 2254 1940 2341 opacum,
1967 2236 2076 2323 altere

795 2338 929 2433 ΑΒΕ
954 2350 997 2432 in
1022 2367 1267 2461 transpirens
1294 2374 1468 2461 corpur,
1514 2378 1606 2463 pars
1632 2354 1766 2443 ΑΒΕ
1799 2360 1940 2449 nebula
1980 2366 2073 2477 quill

797 2475 951 2560 obteeiu
1001 2497 1183 2586 apparet,
1230 2502 1318 2587 pare
1355 2504 1453 2563 tero
1483 2478 1643 2593 ΑΒΕ,
1671 2512 1771 2598 quae
1798 2512 1924 2599 opaca
1954 2494 2074 2578 rideri

796 2602 989 2711 deberet,
1035 2606 1157 2687 etiam
1208 2600 1429 2691 sensibiliter
1455 2606 1674 2696 illuminata
1703 2635 1906 2728 apparet,
1951 2618 2006 2707 ite
2035 2637 2078 2741 tt

796 2730 960 2843 spatium
1012 2756 1183 2845 opacum
1232 2732 1409 2819 uideatur
1459 2744 1558 2855 nou'
1577 2738 1739 2849 separari
1767 2768 1792 2828 a
1822 2746 2072 2860 transponente

797 2882 873 2971 per
903 2859 1049 2944 lineam
1079 2862 1228 2945 tesiam
1259 2860 1289 2946 F
1299 2856 1375 2973 G,
1423 2863 1484 2949 sed
1534 2870 1635 2977 quast
1687 2872 1940 2963 terminatum
1989 2877 2076 2963 esset

800 3012 874 3097 per
901 2986 1046 3073 lincunt
1079 2986 1337 3095 FADCG,
1377 3016 1434 3079 ex
1462 2992 1581 3081 restis
1602 2996 1746 3087 duabus
1775 3020 1819 3087 et
1845 3002 2076 3095 semicirculo

724 3242 735 3256 x
775 3116 1077 3229 compositam.

951 3302 1038 3388 Vix
1066 3304 1256 3394 subsistere
1286 3310 1392 3423 posse
1423 3310 1577 3400 uidetur
1616 3312 1699 3403 lroc
1746 3314 2074 3435 phaenomenon,

705 3546 708 3549 ⁴
802 3450 894 3513 cnm
926 3432 1218 3541 opinionem,
1275 3465 1373 3551 quae
1406 3442 1587 3529 morbum
1622 3442 1727 3534 huuc
1758 3475 1831 3566 pro
1864 3452 2076 3563 paralytico

799 3552 918 3641 lubet
942 3560 1106 3672 effediu3
1140 3564 1305 3653 sienim
1337 3568 1424 3656 telis
1452 3570 1567 3681 soret,
1599 3573 1762 3687 spatium
1794 3574 1933 3669 ΑΒΕ
1964 3582 2079 3669 rudr-

611 3688 619 3699 '
804 3698 917 3769 tenus
945 3687 1200 3775 illuminatum
1237 3720 1419 3805 apparere
1449 3702 1602 3810 posset,
1644 3704 1706 3790 sed
1738 3709 1867 3817 potius
1895 3734 2079 3825 appareu-

740 3897 743 3918 Ι
806 3812 859 3897 riu
890 3815 1082 3901 eiusmodi
1114 3821 1188 3905 effe
1217 3823 1405 3931 deberet,
1451 3828 1555 3941 quusi
1584 3856 1725 3943 corpur
1752 3860 1916 3947 opetum
1944 3842 2077 3925 termi-

807 3962 958 4028 naretur
990 3945 1087 4028 linea
1120 3948 1360 4049 FABCG,
1392 3980 1474 4039 uon
1505 3980 1639 4072 tero,
1665 3964 1726 4047 uti
1755 3961 1912 4077 semper
1940 3972 2075 4077 etrenir,

805 4066 904 4153 liner
935 4072 971 4157 F
982 4068 1183 4166 ADCG.
1252 4078 1471 4195 Dioprricit
1500 4085 1626 4199 iraque
1657 4088 1803 4204 legibus
1829 4094 2075 4183 conformiter

674 4232 681 4249 ·
804 4198 1111 4288 concludendum
1160 4208 1241 4311 est,
1298 4212 1425 4297 adesse
1468 4211 1511 4297 in
1555 4215 1672 4301 oculo
1717 4222 2068 4319 meoobsiatulnut

807 4328 1037 4439 quoddam,
1068 4334 1157 4441 post
1186 4337 1352 4451 pupillae
1379 4361 1595 4452 aperturum
1627 4372 1754 4460 prope
1782 4352 1957 4439 muitum
1988 4358 2075 4442 reti·

806 4477 899 4537 num
950 4455 1095 4559 filum,
1141 4469 1244 4571 quod
1292 4469 1419 4553 radios
1469 4470 1662 4587 aliquota
1696 4480 1850 4565 tmnsrru
1879 4482 2076 4597 impedit,

804 4604 975 4671 caeteros
1016 4587 1274 4699 irregulariter
1319 4596 1511 4714 dispergit.
1604 4602 1697 4692 Hoc
1728 4610 1846 4697 enim
1885 4608 2080 4727 supposito

2003 4746 2083 4829 eius
