4492 5809
589 578 710 699 *led
739 576 762 699 l
788 603 828 670 0¹·
851 576 1034 719 liei*
1150 491 1154 496 Ι
1392 612 1463 708 aa

185 810 232 905 lu
271 808 428 899 calculo
467 814 741 901 variationum
780 812 863 929 ipsa
901 813 1047 903 relatio
1087 812 1196 904 inter
1246 815 1459 907 variabiles

187 943 347 1063 infiuife
376 964 522 1057 parum
555 946 771 1037 immutari
804 950 1057 1060 concipitur:
1089 949 1147 1045 ita
1181 965 1236 1039 vt
1258 949 1360 1040 dum
1393 948 1456 1038 se-

185 1069 368 1158 cundu‘m
404 1070 653 1161 relationem
680 1078 823 1163 datam'
849 1102 928 1187 pro
948 1058 1107 1189 'ononis
1137 1065 1306 1164 alterins
1344 1065 1459 1163 vari·
1571 1182 1577 1191 Ι

185 1201 297 1287 abilis
328 1227 362 1287 x
393 1202 566 1309 valore,
608 1205 735 1293 altera
757 1234 794 1314 y
830 1224 992 1293 certum
1025 1192 1211 1295 valorem
1250 1206 1421 1293 sortitur
1444 1267 1481 1321 ,⁸

141 1404 143 1411 Α
184 1329 338 1419 calculo
370 1332 649 1419 variationem
680 1329 777 1414 huic
811 1330 890 1441 ipsc
924 1333 1108 1439 valoriy
1149 1339 1458 1425 incrementum

183 1462 388 1576 quoddam
422 1454 582 1541 infinite
615 1481 795 1573 paruum
833 1458 1080 1563 adiicietur,
1118 1483 1175 1547 ex
1214 1489 1301 1573 quo
1341 1466 1458 1551 dein·

185 1617 293 1705 cepa
308 1588 654 1703 quemadmodum
686 1585 887 1676 formulae
912 1608 999 1676 tam
1023 1586 1458 1705 differentiales·quam

179 1718 400 1832 integrales
433 1724 674 1829 varientur,
707 1724 882 1811 definiri
901 1737 1078 1837 oportet.
1142 1722 1457 1829 lucrementum

180 1852 292 1943 illud
325 1853 550 1966 cuicunque
597 1852 781 1958 valoriy'
811 1846 1023 1942 adiectum
1047 1846 1103 1938 ab'
1135 1854 1319 1972 Androne
1368 1856 1457 1938 eius
1555 1881 1562 1891 ¹

181 1984 363 2075 variatio
392 2002 594 2091 vocmur,
626 2009 672 2069 ac
713 2012 764 2071 ne
790 2008 905 2075 cum,
925 1984 1255 2072 differentialibus
1282 1982 1459 2069 confun-

180 2114 304 2206 datur
336 2111 416 2197 hoc
447 2112 674 2199 charadlere
706 2108 776 2225 dy
807 2112 1055 2223 defiguntur:
1089 2138 1186 2199 cum
1208 2117 1337 2222 igitur
1361 2111 1457 2197 hinc

182 2268 329 2336 omnes
361 2243 564 2331 formulae
597 2260 684 2351 tam
714 2245 997 2333 differentiales
1036 2270 1164 2357 quam
1206 2242 1457 2351 integrales,

183 2390 385 2487 quatenus
413 2375 743 2484 quantitaeemp
766 2374 1023 2481 inuoluunt,
1057 2391 1189 2461 certas
1215 2372 1462 2459 variationes

181 2504 459 2599 nanciscantur
472 2550 492 2614 2,
526 2504 668 2595 audior
696 2508 744 2595 in
778 2508 918 2618 priore
945 2502 1217 2591 differtatione
1251 2502 1459 2620 principia
1539 2532 1542 2537 ·

176 2657 230 2741 ae
265 2654 482 2743 praecepta
520 2635 669 2724 stabilit·
686 2646 1034 2746 ‚--quotumsope
1074 2635 1269 2721 omnium
1308 2630 1458 2715 huius·

173 2760 305 2848 modi·
333 2751 608 2839 formularum
641 2765 885 2839 variationes
908 2762 1076 2841 defintri·
1103 2756 1293 2866 poliunt:
1334 2761 1391 2841 ita
1421 2754 1458 2841 si

174 2884 248 2972 W
275 2884 446 2971 denotet
479 2873 718 2965 huiusmodi
758 2878 983 2969 formulam
1022 2900 1328 2995 quamcunnqu'ea
1367 2885 1461 2968 'eius‘

172 3012 456 3113 variationem
479 2997 519 3097 d
538 3004 602 3091 W
633 3032 706 3119 per
736 3008 900 3115 regulas
924 3008 1144 3120 peculiares
1163 3008 1356 3121 affignate
1377 3014 1457 3099 do·
1486 3072 1491 3083 ·

173 3160 257 3234 cet.
326 3139 424 3256 Quo
454 3132 649 3243 singulari
683 3133 841 3224 calculo
871 3139 1089 3223 constituto
1121 3142 1308 3251 deinceps
1324 3146 1371 3224 :in
1392 3144 1459 3225 -se-
1588 3178 1597 3195 ·

173 3288 338 3391 quente
368 3267 636 3355 dissertatione
668 3267 759 3351 eius
788 3265 1105 3379 applicationem
1138 3269 1186 3352 ad
1202 3268 1341 3353 omnia
1359 3283 1460 3377 pro·

174 3406 391 3506 blemata,
429 3417 532 3508 quae
572 3397 679 3487 citra
719 3400 901 3484 maxima
936 3415 981 3480 et
1016 3397 1194 3481 minima
1232 3397 1464 3503 excogitari

174 3530 381 3647 poliunt,
410 3524 621 3613 clarillime
654 3526 854 3637 ostendit,
896 3527 1021 3639 inque
1052 3528 1223 3634 negotio
1254 3523 1334 3611 hoc
1369 3528 1457 3607 im·
1526 3551 1528 3554 ·

153 3662 332 3777 ‘primis
363 3657 560 3743 obsermri
593 3676 805 3762 meretur,
854 3657 964 3769 quod
997 3655 1052 3739 ita
1092 3680 1199 3741 noua
1239 3651 1458 3739 methodus

170 3816 300 3877 mere
333 3786 535 3892 analytica
566 3785 706 3875 multo
739 3783 940 3897 pleniores
971 3810 1030 3869 ac·
1052 3785 1306 3895 perfeetiorea
1342 3782 1456 3867 solu·

168 3924 322 4019 tiones
350 3916 613 4031 suppeditet,
659 3940 785 4031 qnam
814 3917 951 4033 'prior
1001 3910 1074 3999 illa
1114 3939 1167 3999 ex
1214 3909 1464 4001 Geometrin

166 4048 329 4174 petita.
702 4090 705 4097 ,
1027 4078 1030 4083 ¹
1197 4040 1202 4049 ’
1455 4058 1461 4067 ·
