4492 5809
254 587 277 770 J
344 624 737 730 Mavruoruu
772 605 849 722 av
876 631 1296 760 uturuortuu„
1362 655 1450 736 ιω
1524 596 1566 704 ss

176 857 351 946 variabili
380 887 412 947 x
433 862 659 972 penderet,
690 885 814 974 neque
845 861 1005 946 aiteram
1025 890 1059 972 y
1089 861 1327 974 implicaret,
1361 865 1445 949 fore

177 979 375 1101 8220,
406 1013 530 1099 neque
551 993 679 1101 igitur
708 994 894 1076 variabilis
921 1017 966 1096 x,
1002 1012 1191 1101 utcunque
1223 1010 1267 1075 ea
1300 992 1337 1074 iu
1365 993 1448 1074 for·

176 1119 394 1200 mationem
424 1119 627 1203 bullionis
657 1110 700 1201 Z
735 1122 1002 1229 ingrediatur,
1036 1121 1236 1230 quicquam
1269 1118 1316 1203 ad
1346 1111 1443 1205 δΖ

174 1243 374 1343 conferre,
421 1247 488 1329 sed
519 1248 602 1330 eius
624 1247 736 1330 valor
762 1273 788 1330 a
816 1249 897 1330 solo
923 1245 1123 1363 elemento
1153 1240 1181 1328 δ
1178 1275 1235 1354 y,
1265 1271 1346 1357 quo
1374 1272 1469 1332 va·-

81 1450 85 1457 .
174 1370 369 1477 tiabilisy
395 1375 560 1458 crescere
587 1374 822 1483 concipitur,
849 1377 1010 1460 resultat.
1074 1376 1153 1461 Hic
1177 1395 1306 1458 autent
1329 1391 1446 1484 prout

172 1488 216 1580 Z
251 1498 313 1582 vel
341 1499 439 1583 iolas
467 1503 695 1610 quantitates
721 1499 846 1586 finitas
875 1527 907 1588 u
932 1521 973 1584 et
989 1530 1045 1611 y,
1073 1503 1137 1586 vel
1167 1505 1285 1587 etiam
1309 1523 1443 1588 eatutn

165 1624 475 1711 diffitentralium
509 1630 731 1734 rationem,
779 1631 845 1714 vel
877 1631 981 1714 adeo
1013 1629 1202 1713 formulas
1248 1630 1451 1740 integrales
1599 1739 1604 1750 ¹
1732 1675 1736 1682 ·

170 1750 362 1870 inuoluit,
392 1755 446 1840 ita
471 1755 608 1842 diuersa
637 1755 742 1842 casus
770 1775 884 1841 erunt
911 1757 1178 1842 examinandi.

313 2015 508 2100 Ponamus
525 2041 631 2127 ergo
656 2016 806 2126 primo,
830 2013 1071 2100 functionem
1097 2007 1142 2100 Z
1176 2031 1324 2103 tantum
1350 2016 1449 2132 ipsae

165 2139 396 2250 quantitates
422 2141 551 2228 finitae
578 2159 618 2230 x'
638 2162 682 2226 et
695 2170 737 2250 y
765 2145 994 2249 inuoluere,
1032 2147 1086 2229 ita
1118 2161 1175 2227 vt·
1196 2169 1315 2258 neque
1344 2153 1447 2233 ratio

164 2268 510 2380 differentialiunr,
540 2297 666 2384 neque
694 2271 796 2366 vllae
820 2271 1003 2360 formulae
1031 2270 1249 2380 integrales,
1280 2275 1322 2360 in
1355 2301 1447 2362 earn

158 2397 461 2506 ingrediantur,
510 2419 625 2510 atque
671 2400 721 2484 ad
752 2401 832 2485 eius
863 2400 1121 2485 variationem
1149 2392 1179 2482 ὃ
1187 2391 1229 2482 Ζ
1258 2399 1446 2488 definien-

159 2523 297 2626 dam,
345 2529 387 2609 in
435 2531 628 2616 bruerione
679 2519 722 2612 Z
770 2531 915 2641 ubique
959 2526 1052 2614 loco
1084 2555 1122 2634 y
1152 2526 1259 2614 scribi
1290 2535 1445 2640 oportet

31 2673 36 2684 ·
138 2647 307 2766 y÷u
298 2681 347 2762 y.
376 2653 516 2738 relicto
546 2679 578 2740 x
605 2657 823 2760 inuariato,
873 2656 997 2762 ficque
1028 2653 1201 2764 prodibit
1230 2656 1341 2740 valor
1374 2682 1449 2746 va·

153 2775 473 2878 viatus-243
482 2775 534 2885 Z,
562 2807 586 2865 a
616 2807 698 2892 quo
727 2781 756 2866 si
785 2781 1000 2895 principalis
1027 2775 1068 2864 Z
1096 2779 1348 2893 subtrahatur,
1382 2809 1444 2869 re·

154 2911 349 2998 manebit
377 2913 541 2994 variatio
568 2901 658 2994 uz.
722 2908 973 2994 Manifestum
1004 2931 1100 3017 ergo
1126 2908 1205 3013 est,
1235 2909 1334 2998 banc
1372 2935 1445 2997 va·

154 3038 378 3126 viationem
402 3024 586 3140 obtineri,
610 3037 638 3122 sr
661 3035 807 3121 noeto
824 3034 863 3120 Z
882 3062 993 3122 more
1012 3035 1126 3122 solito
1143 3037 1440 3146 differentietur,

151 3166 293 3280 pofita
323 3167 398 3252 sola
413 3193 451 3272 y
479 3165 685 3268 variabili,
716 3164 937 3250 dummodo
967 3189 1043 3274 pro
1069 3163 1129 3276 dy
1161 3165 1337 3252 scribatur
1367 3161 1440 3273 ly.

151 3297 300 3412 Quare
332 3295 360 3380 si
386 3292 701 3409 diffitentiatione
730 3316 843 3377 more
860 3289 972 3377 solito
986 3291 1170 3395 rustitnta,
1200 3293 1319 3379 sumta
1337 3315 1445 3382 vtra-

149 3448 239 3534 que
277 3427 483 3532 quantitate
514 3448 546 3508 x
572 3440 615 3507 et
632 3450 669 3528 y
700 3419 906 3530 variabili,
944 3418 1055 3505 fuerit
1092 3413 1447 3534 dZ:det-Ndy,

147 3554 236 3635 erit
270 3577 345 3660 pro
391 3551 634 3636 translatione
679 3573 703 3634 a
753 3547 847 3632 flatu
895 3547 1103 3662 principali
1150 3547 1198 3631 ad
1248 3549 1441 3642 variatum

142 3670 181 3763 δ
195 3673 464 3793 Z=be3
494 3679 589 3764 haec
621 3701 718 3790 ergo
747 3674 1158 3787 variationeperitur,
1185 3673 1214 3760 li
1246 3675 1297 3758 in
1329 3677 1444 3768 diffe-

139 3807 319 3894 rentiali
348 3810 542 3893 ordinario
574 3830 648 3917 pro
678 3807 744 3892 dx
772 3804 945 3889 scribatur
971 3828 1014 3903 0,
1038 3827 1114 3914 pro
1132 3802 1188 3901 dy
1204 3825 1333 3886 autern
1355 3797 1440 3921 δη

139 3935 321 4047 hocque
350 3937 471 4021 modo
500 3933 629 4021 mlum
664 3934 832 4048 primum
864 3931 1047 4016 facillime
1080 3928 1386 4046 expediuimus„

316 4189 521 4278 Videamus
551 4211 683 4279 autem
716 4214 866 4304 porro,
897 4185 1101 4298 quomodo
1130 4207 1204 4296 pro
1241 4183 1319 4274 hoc
1353 4189 1439 4278 casu

137 4321 326 4438 primo,
358 4345 439 4430 quo
469 4312 510 4403 Z
540 4323 591 4406 eli
623 4323 767 4408 bullio
799 4319 964 4431 ipsarum
995 4339 1027 4400 re
1057 4331 1099 4397 et
1124 4333 1337 4420 ytantrrnn
1358 4319 1441 4405 sor·

136 4453 295 4538 mulae
340 4447 535 4558 integralis
551 4441 708 4560 sde
734 4449 842 4534 valor
892 4446 1090 4567 maximus
1137 4441 1205 4528 vel
1252 4447 1438 4532 minimus

135 4577 328 4666 inueniri
361 4596 482 4688 queat.
548 4574 652 4664 Cum
681 4581 799 4692 igitur
829 4601 905 4689 pro
934 4573 1072 4684 quouis
1098 4573 1231 4658 valore
1260 4573 1370 4683 ipsine
1406 4599 1438 4660 x

133 4707 310 4798 sunstio
340 4699 380 4795 Z
412 4705 550 4797 crescat
569 4707 782 4802 ‚elemento
809 4691 853 4804 N
865 4698 952 4814 by,
998 4704 1163 4816 ideoque
1199 4691 1436 4916 detipaq-

1252 4851 1255 4861 ·
1353 4853 1437 4918 cua
