4492 5809
317 506 644 675 sturnis
694 573 1209 709 unttttttprcr..
1325 582 1414 687 ass

156 806 402 900 Betolinerihs
431 816 570 901 Tomo
599 810 659 901 X.
694 836 781 925 pag.
815 820 886 917 67.
921 812 1111 899 uberrime
1146 809 1424 897 densonhnuts
1560 888 1577 903 .

156 941 427 1029 Natronnunc
445 946 746 1055 Aphronitrum,
776 968 876 1027 nunc
894 944 946 1027 sal
964 942 1072 1027 uitali
1090 938 1299 1041 minerale,
1318 960 1424 1021 noste
1495 1020 1504 1027 ,

156 1088 296 1153 tertam
323 1072 391 1155 isle
417 1070 579 1157 alcaltno
602 1069 782 1155 minerale
800 1071 994 1175 refertim,
1020 1094 1117 1183 nunc
1136 1071 1315 1153 botarum
1332 1091 1424 1151 ctu·

154 1198 245 1282 dam
263 1200 363 1303 apud
382 1200 554 1285 nudiores
572 1202 746 1303 denotat,
768 1218 812 1283 vt
836 1222 887 1283 ne
911 1198 1000 1309 quid
1027 1202 1188 1307 addant,
1204 1218 1291 1281 tunt
1308 1196 1426 1306 hittu-¹

153 1348 254 1411 meta
272 1324 384 1411 huius
399 1330 545 1413 theseos
561 1330 778 1415 tellimonis
797 1328 920 1413 ubiuis
936 1327 1112 1411 exiliunt.

301 1457 467 1541 Accedit
501 1470 633 1567 quarto
675 1454 819 1539 diuersa
868 1457 977 1541 unius
1024 1456 1080 1537 tei
1121 1454 1172 1538 ab
1203 1455 1421 1545 sudoribus

150 1585 434 1667 communicata
468 1585 686 1695 deletiptio.
751 1580 943 1693 Exempli
973 1581 1062 1666 loco
1099 1583 1145 1667 fit
1178 1583 1437 1695 Malachites,

151 1734 231 1820 quo
265 1713 425 1794 nomine
454 1736 553 1796 nuuc
586 1714 755 1797 minerae
788 1712 896 1819 cupri
928 1711 1068 1796 titides
1108 1710 1288 1817 striatae,
1327 1714 1429 1797 litiis

149 1833 203 1919 eir
234 1858 367 1923 cetrtro
397 1838 521 1923 serlus
551 1836 811 1948 peripheriam
851 1839 1162 1943 excurrentibus,
1211 1843 1423 1949 polituram

150 1968 424 2073 admittentes,
465 1992 562 2049 nnnc
603 1964 758 2077 iaspidis
807 1986 955 2073 genus,
1005 1990 1107 2051 nunc
1140 1957 1425 2073 ‚chrysocollae

150 2094 354 2179 nonnullae
388 2112 568 2179 veneunt.
633 2098 673 2181 A
702 2092 884 2177 nonnulis
915 2091 982 2177 hic
1012 2091 1103 2206 lapis
1133 2118 1232 2179 nune
1262 2096 1425 2207 diapho-

149 2246 236 2335 nus,
267 2246 364 2307 truoc
395 2246 552 2333 opacus,
584 2246 685 2307 nunc
722 2220 1040 2331 lemidisphanus,
1070 2222 1304 2333 perhibetur,
1334 2250 1425 2309 tunt

151 2368 284 2435 tamen
303 2376 413 2434 uetus
429 2352 522 2461 lapis
541 2348 769 2437 Malathites
787 2346 882 2432 nihil
899 2349 970 2454 stt,
988 2372 1103 2459 quant
1122 2348 1300 2457 spathum
1318 2374 1425 2437 ttttttc

146 2476 511 2579 teteniticum,nnnc
528 2478 885 2573 calcaneum,uitide
906 2479 1181 2579 montismuri
1197 2475 1426 2585 Chrysotol·

146 2602 189 2691 la
222 2603 400 2691 sinuum.
432 2606 523 2691 itha
544 2602 807 2693 huiuscemodi
829 2601 1012 2713 exempla
1030 2600 1159 2685 lubens
1174 2625 1389 2711 praetereo.
1455 2614 1459 2617 ’

304 2732 430 2820 Multa
463 2736 684 2844 praeiudicia
716 2732 866 2845 insuper
897 2732 1129 2818 induxerunt
1157 2741 1283 2842 quinto
1314 2753 1426 2819 uete-

146 2888 238 2950 tum
273 2864 513 2947 medicorum
547 2861 732 2968 somnia,
776 2857 840 2969 qui
880 2862 984 2947 iuxta
1032 2864 1165 2945 tritum
1216 2863 1329 2947 illud:
1380 2864 1422 2947 iu

147 2991 313 3101 verbis,
344 2991 470 3075 herbis
500 3010 539 3077 et
571 2990 756 3099 lapidibus
788 2988 911 3073 multa
944 2991 1004 3072 tris
1032 2989 1112 3091 eil,
1147 2988 1332 3099 lapidibus
1360 2993 1424 3073 in·

145 3136 281 3230 gentes
311 3122 471 3204 uirtutes
499 3120 538 3201 in
569 3115 801 3201 meditandis
830 3140 1039 3224 corporum
1075 3118 1296 3203 animalium
1316 3139 1427 3206 mot·

143 3250 226 3352 bis,
256 3248 391 3358 absrpte
421 3250 532 3331 omni
563 3247 726 3349 ratione,
758 3245 942 3352 omnique
978 3242 1228 3335 fttndamento
1261 3248 1421 3346 debin-

143 3377 218 3475 ti,
267 3376 491 3461 tribueruot.
573 3376 684 3489 Quae
717 3373 862 3459 vesania
890 3394 995 3455 cette
1029 3398 1109 3457 troo
1140 3400 1274 3485 paucas
1306 3401 1424 3482 prae·

140 3521 359 3613 conceptas
390 3506 591 3614 opiniones
620 3502 863 3609 introduxit,
895 3502 1110 3610 multosque
1149 3529 1231 3589 nou
1268 3501 1424 3589 infimae

137 3630 258 3716 sortis
289 3635 392 3715 uiros
423 3634 604 3736 lediixit,
636 3630 808 3738 titusque
838 3628 1066 3739 hypotheses
1099 3633 1293 3740 produxit.

302 3758 367 3843 Ex
398 3758 476 3843 hoc
513 3759 731 3863 labyrintho
763 3760 882 3841 nullus
915 3760 1037 3841 exitus
1073 3757 1208 3865 spensti
1246 3786 1421 3874 vnqtnttr

135 3886 329 3999 poterit,
375 3888 442 3972 uili
494 3886 604 3971 fihtm
651 3888 890 3969 Ariadnenm
929 3884 968 3963 itt
1001 3880 1201 3969 subsidium
1231 3913 1421 4000 uocetur,

134 4014 256 4125 quod
290 4008 458 4119 Chymia
492 4016 599 4099 nobis
629 4016 754 4098 offert.
816 4008 1020 4115 Chymitis
1051 4012 1210 4124 inquam
1240 4041 1337 4127 opus
1368 4019 1426 4108 eil
1561 4102 1565 4109 ,

135 4140 409 4252 examinibus,
429 4146 543 4254 iisque
579 4137 842 4226 lindiostihmis
873 4157 914 4221 et
944 4140 1099 4248 iteratis,
1116 4143 1166 4225 ad
1194 4148 1425 4253 cognoscen-

133 4272 244 4353 datn
277 4294 408 4357 ueram
444 4294 651 4380 corporum
684 4275 869 4351 naturam
944 4266 1015 4349 Ab
1044 4292 1125 4378 quo
1154 4269 1310 4376 labore,
1335 4277 1426 4387 qui·

133 4400 219 4482 bus
251 4398 447 4505 impeohs,
480 4414 621 4509 quanto
652 4416 828 4504 temporo
861 4418 957 4507 opus
984 4397 1090 4507 etit,
1122 4421 1322 4511 antequam
1341 4404 1421 4487 hoc

132 4530 304 4639 Augias
330 4524 514 4641 stabilium
553 4523 849 4638 mundificetur,
896 4548 987 4614 tunt
1025 4527 1270 4621 munorum
1305 4531 1427 4617 ioan·

377 4702 382 4709 ·
1313 4680 1427 4750 nim
