4492 5809
417 643 691 750 ornem
738 655 900 747 VARI
912 640 1248 789 ATIONVM.
1402 693 1461 777 93

131 824 135 833 ι
182 978 184 983 .
241 863 246 876 ’
334 903 408 990 73.
455 885 560 970 Hine
608 887 737 999 itaque
786 887 893 974 binae
938 889 1133 1001 sequentes
1188 864 1463 1004 consequemur
1638 983 1640 986 ,

201 1016 471 1126 aequationea:

197 1147 1263 1275 (Q)8y÷(21)l8yl÷'(qul37ll÷(2[))ls3ylll÷
1281 1179 1468 1252 ema-:0

73 1405 78 1416 .
194 1285 1464 1421 (a)by÷rn)‘oy÷(n)ssty‘s÷(A)‘²‘ays⁰÷etc.:0

193 1473 352 1560 quarum
371 1451 498 1558 priore
522 1449 697 1532 assumtio
725 1452 983 1534 variationum
1018 1442 1047 1531 ὃ
1043 1477 1096 1557 y,
1128 1439 1221 1555 ὅγ’,
1252 1441 1354 1555 oys‘
1388 1467 1463 1535 etc.
1499 1523 1501 1528 ,

189 1576 403 1662 conditioni
451 1577 653 1659 communi
700 1577 947 1686 praescriptae
981 1576 1218 1660 conueniens
1249 1574 1463 1686 definitor,

45 1697 51 1708 ’
188 1727 288 1815 quae
320 1701 457 1786 deinde
489 1702 529 1786 in
560 1699 718 1786 alteram
753 1704 967 1790 introduna
1002 1703 1233 1788 relationem
1253 1707 1465 1814 quaefitam

189 1827 456 1916 manifestabit.
521 1827 673 1914 Omnes
704 1854 800 1940 ergo
816 1832 1043 1918 variationes
1059 1825 1088 1914 δ
1097 1859 1139 1930 7,
1160 1822 1247 1938 ὃν,
1265 1823 1365 1938 byss
1388 1854 1469 1918 etc.

185 1975 516 2070 praeterirem,
552 1976 596 2050 vt
625 1958 871 2064 arbitrariae,
903 1959 1060 2070 spectari
1092 1953 1286 2070 poliunt,
1318 1963 1465 2073 quippe

179 2109 279 2200 quae
312 2109 387 2170 una
420 2108 472 2171 ex
504 2084 620 2196 priori
651 2089 876 2199 aequatione
903 2088 956 2172 eil
987 2085 1210 2172 delinienda.
1271 2084 1361 2170 lam
1394 2113 1460 2172 ue-

180 2237 227 2298 ro
244 2211 405 2298 euidens
421 2211 510 2320 eil,
535 2212 731 2324 postquam
762 2240 840 2299 vna
871 2215 924 2298 ita
952 2213 1065 2308 fuerit
1093 2215 1241 2315 sumta,
1275 2233 1320 2298 ut
1350 2214 1460 2327 prio·
1507 2239 1513 2264 ’

177 2343 212 2426 ri
264 2339 483 2453 aequationi
516 2338 696 2446 satisfiat,
744 2361 828 2428 narn
859 2341 967 2429 fimol
998 2342 1105 2427 alteri
1138 2339 1358 2425 satisfartnm
1392 2343 1463 2454 iri,

172 2468 203 2554 fi
257 2469 438 2555 stantatur
485 2459 767 2580 (Alznffll),
816 2469 996 2558 sumendo
1036 2495 1112 2582 pro
1143 2493 1182 2554 a·
1202 2469 1457 2579 quantitatem
1577 2560 1579 2564 ,

169 2619 450 2710 quameunque
479 2596 731 2701 constantem.

322 2779 400 2866 74.
450 2757 653 2846 Problema
701 2759 817 2869 igitur
863 2760 1105 2874 propofitutn
1145 2759 1220 2846 hae
1251 2757 1457 2849 resoluerat

165 2889 443 3004 aequatione:

378 3020 576 3140 atnl-t-
600 3025 870 3153 mozo

159 3188 316 3274 struatis
348 3209 424 3296 pto
455 3211 482 3267 α
511 3200 551 3264 et
584 3183 614 3295 β
644 3184 912 3294 quantitatibus
957 3184 1146 3296 quibuntia
1188 3184 1456 3273 constantibus.

160 3316 337 3401 Eadem
371 3330 499 3396 autern
530 3307 662 3393 blutio
694 3309 920 3422 prominet,
962 3311 1121 3398 fiintrr
1152 3337 1290 3396 omnes
1322 3317 1460 3400 omni·
1536 3321 1544 3347 ⁸
1636 3377 1639 3384 .

85 3467 100 3494 ’
155 3469 218 3529 no
258 3441 471 3527 relationes
497 3438 597 3520 inter
630 3462 661 3521 x
691 3457 784 3546 ety
816 3464 860 3525 ea
893 3440 1043 3553 exquiri
1084 3437 1305 3546 debnillet,
1355 3443 1459 3528 unde
1515 3460 1527 3468 ·
1601 3505 1606 3523 .

84 3634 87 3640 ,
143 3569 348 3655 formula
402 3556 653 3679 aU-l-ssu
702 3566 916 3652 maximum
950 3568 1155 3654 minimum
1193 3590 1241 3651 ve
1281 3566 1458 3652 valorem

152 3702 447 3805 impetrarem
475 3715 527 3776 ex
559 3703 637 3804 qun
667 3694 777 3779 fimul
806 3696 1040 3804 intelligitur,
1072 3695 1179 3780 binas
1208 3695 1390 3781 formulas
1409 3681 1461 3798 11

145 3849 192 3911 et
235 3824 285 3910 U
329 3818 543 3934 pmposttas
573 3821 672 3904 inter
702 3821 737 3905 se
768 3823 974 3932 permutari
1002 3816 1131 3934 polle,
1162 3845 1279 3931 eaque
1307 3823 1460 3935 omnia,

139 3950 342 4066 quaein
374 3948 557 4052 Traeiatu
589 3971 684 4033 tneo
715 3953 894 4061 annotaui
924 3949 1013 4034 hinc
1046 3947 1173 4035 multo
1208 3947 1330 4056 magia
1360 3944 1459 4030 finnt

139 4077 400 4194 perspicua.
496 4073 624 4162 Simili
673 4079 777 4162 enirn
820 4079 943 4162 modo
992 4099 1047 4160 rea
1097 4076 1133 4158 se
1179 4070 1368 4176 habebit,
1427 4072 1458 4162 fi

133 4235 234 4295 non
277 4228 378 4292 vna
407 4201 569 4290 lbrmnla
601 4193 648 4307 11
680 4206 741 4290 led
772 4206 899 4315 plnres
928 4204 1097 4288 debeant
1145 4197 1224 4284 elle
1274 4222 1489 4305 commu·¹

130 4362 259 4447 nea3
334 4330 465 4443 fitque
511 4329 675 4418 stabilito
721 4329 873 4420 Calculo
900 4333 1153 4418 variationem
1183 4327 1314 4412 omnia
1346 4328 1464 4416 huina

126 4461 328 4580 generis
362 4459 604 4576 problemata
630 4459 809 4550 [aeblime
835 4480 876 4548 et
906 4455 1119 4552 breniffime
1148 4453 1419 4578 expediuntur.

801 4735 914 4838 Mt
1189 4772 1221 4846 s
1303 4729 1464 4826 ANA2
