4492 5809
602 543 1086 662 *attentates
1184 601 1189 610 ·
1391 576 1447 669 ει

403 743 1239 898 ΕΒΕΜΕΝΤἈ

293 998 651 1142 cunevet
721 1008 1336 1159 uentarronvu.

602 1234 608 1247 ⁸
707 1265 930 1356 duetore

239 1438 242 1444 ’
561 1490 613 1579 u
674 1491 1070 1583 ueneno„

176 1745 359 1986 Mox
387 1764 474 1881 post
505 1763 658 1852 inuenta
688 1764 826 1853 calculi
855 1764 1113 1854 differentialis
1140 1717 1326 1885 princifia
1355 1767 1454 1862 eius·

338 1897 448 1982 modi
478 1894 716 2006 problemata
750 1896 900 1982 studiari
928 1900 1011 1984 lunt
1038 1917 1212 2010 coepta,
1243 1925 1338 2012 quae
1370 1904 1453 2015 pla·

169 2049 227 2110 ne
256 2020 623 2136 iugularemhuius
665 2021 799 2108 calculi
840 2023 1149 2136 applicationem
1200 2029 1452 2140 requirebant.

171 2149 285 2238 Cum
318 2155 427 2236 enim
450 2174 600 2236 munus
630 2150 764 2236 calculi
788 2150 1048 2238 differentialis
1086 2153 1128 2237 iu
1175 2153 1254 2242 hoc
1303 2153 1454 2268 potiffi·

169 2306 288 2366 mum
320 2279 521 2386 consulat,
550 2293 595 2362 vt
628 2279 823 2390 propolita
854 2279 1052 2366 &odilone
1083 2305 1301 2396 quacunque
1332 2309 1453 2394 quan-

167 2408 294 2492 titatis
324 2407 512 2496 sanabilis
542 2431 572 2490 x
600 2411 677 2490 eius
705 2409 989 2494 incrementum
1029 2407 1302 2520 intelligetur,
1353 2412 1449 2498 dum

166 2537 362 2647 quantitas
411 2561 441 2620 x
486 2534 551 2618 suo
599 2533 837 2620 differentiali
887 2538 951 2622 dx
996 2535 1162 2622 cresccre
1216 2537 1455 2627 aliumitur:

162 2663 424 2749 translatione
465 2665 519 2744 ad
563 2655 833 2746 Geometriam
859 2661 963 2746 faeta
991 2661 1031 2746 in
1062 2679 1221 2774 promtu
1252 2683 1333 2750 erat
1353 2653 1450 2752 ¹inde

160 2790 364 2874 linearum
397 2806 595 2872 cumulum
627 2802 827 2896 tangentes
852 2805 898 2872 et
945 2787 1039 2898 ipsas
1087 2811 1302 2876 curuaturus
1348 2792 1451 2877 defi·-

159 2919 292 3019 nire,
343 2937 504 3023 quarum
538 2935 665 2996 retum
699 2914 944 3026 inuestigatio
973 2917 1200 3001 immediate
1233 2942 1287 3002 ex
1318 2937 1449 3006 natura
1575 2967 1578 2972 ,
1622 2941 1658 2997 ‘t

158 3042 480 3132 differentialium
528 3038 729 3122 detinetur.
822 3042 952 3125 Aliter
1002 3067 1102 3128 teto
1139 3064 1364 3156 comparata
1394 3047 1448 3132 est

159 3175 272 3258 tatio
297 3168 495 3257 eiusmodi
531 3163 849 3276 problematum,
898 3168 1034 3281 quibus
1063 3170 1356 3259 innumerabiles
1402 3171 1449 3260 li·

160 3325 268 3388 neae
300 3320 434 3384 cunae
463 3295 526 3382 sub
553 3294 732 3405 quapiam
762 3297 929 3404 generali
971 3297 1197 3409 aequatione
1244 3320 1449 3388 contentae

161 3444 477 3544 proponuntur,
509 3447 531 3510 n
563 3418 697 3533 quibus
729 3445 834 3508 arcus
862 3425 1100 3537 longitudine
1123 3424 1336 3538 aequales,
1370 3427 1447 3515 line

153 3560 230 3666 qui
260 3582 287 3642 a
314 3554 426 3667 graui
453 3549 700 3639 descendente
732 3550 871 3638 eodem
923 3572 1105 3664 tempore
1151 3573 1446 3666 percurrantur,

151 3666 335 3772 abscindi
364 3700 576 3793 oporteat,
623 3699 675 3762 ex
699 3703 783 3792 quo
816 3680 1012 3788 posteriori
1042 3703 1184 3793 genere
1234 3683 1445 3793 problema

148 3835 370 3898 curetarum
434 3809 732 3916 synchronarnm
781 3807 835 3892 est
884 3828 1030 3894 natum.
1130 3807 1179 3893 In
1198 3844 1207 3860 ·
1224 3807 1289 3892 his
1337 3811 1474 3912 enim!

151 3935 447 4050 quaestionibus
477 3962 555 4022 non
590 3954 672 4020 tam
722 3935 765 4020 id
816 3936 870 4022 est
923 3935 1207 4048 spectandum,
1260 3954 1444 4047 quantum

149 4067 455 4152 incrementnn
486 4068 662 4174 cuiusque
695 4087 829 4148 cutuae
872 4065 1064 4175 applicata
1109 4064 1300 4172 accipiat,
1349 4063 1444 4150 dum

150 4195 324 4282 sbsciffr
350 4189 901 4306 monesensialiaugetu13
950 4215 1097 4300 qnam,
1150 4209 1336 4299 quantum
1370 4188 1445 4278 fine

152 4341 331 4435 tempus
362 4321 549 4406 descenlus
576 4344 647 4434 per
676 4321 841 4404 eundem
875 4320 1074 4424 varient,
1105 4317 1132 4401 fi
1161 4319 1237 4426 iple
1265 4341 1371 4402 arcus
1405 4320 1444 4402 in

147 4447 225 4538 alia
287 4473 409 4540 curua
458 4449 641 4564 capiatne·
705 4445 817 4533 Talia
853 4447 1088 4557 problemata
1118 4471 1189 4558 per
1217 4444 1442 4530 differentia-

801 4565 902 4663 Ga
1288 4573 1439 4660 tionem
