<?xml version="1.0" encoding="UTF-8"?>
<!DOCTYPE html PUBLIC "-//W3C//DTD XHTML 1.0 Transitional//EN"
    "http://www.w3.org/TR/xhtml1/DTD/xhtml1-transitional.dtd">
<html xmlns="http://www.w3.org/1999/xhtml" xml:lang="en" lang="en">
 <head>
  <title>
</title>
<meta http-equiv="Content-Type" content="text/html;charset=utf-8" />
  <meta name='ocr-system' content='tesseract 3.04.00' />
  <meta name='ocr-capabilities' content='ocr_page ocr_carea ocr_par ocr_line ocrx_word'/>
</head>
<body>
  <div class='ocr_page' id='page_1' title='image "./novicommentarii09sssrgoog_0025.png"; bbox 0 0 4492 5809; ppageno 0'>
   <div class='ocr_carea' id='block_1_1' title="bbox 109 572 1588 4771">
    <p class='ocr_par' dir='ltr' id='par_1_1' title="bbox 109 572 1588 4771">
     <span class='ocr_line' id='line_1_1' title="bbox 109 572 1478 731; baseline -0.001 -39"><span class='ocrx_word' id='word_1_1' title='bbox 109 710 123 731; x_wconf 33' lang='lat' dir='ltr'><em>l</em></span> <span class='ocrx_word' id='word_1_2' title='bbox 615 574 734 693; x_wconf 63' lang='lat' dir='ltr'>»tit</span> <span class='ocrx_word' id='word_1_3' title='bbox 765 576 781 698; x_wconf 80' lang='lat' dir='ltr'>i</span> <span class='ocrx_word' id='word_1_4' title='bbox 815 602 845 664; x_wconf 83' lang='lat'>0</span> <span class='ocrx_word' id='word_1_5' title='bbox 878 572 1055 695; x_wconf 61' lang='lat' dir='ltr'>teu«-</span> <span class='ocrx_word' id='word_1_6' title='bbox 1403 601 1478 690; x_wconf 64' lang='lat'>19³</span> 
     </span>
     <span class='ocr_line' id='line_1_2' title="bbox 199 802 1462 927; baseline 0.005 -34"><span class='ocrx_word' id='word_1_7' title='bbox 199 802 459 897; x_wconf 80' lang='lat' dir='ltr'>offenderunt</span> <span class='ocrx_word' id='word_1_8' title='bbox 486 803 781 919; x_wconf 73' lang='lat' dir='ltr'>difficultates,</span> <span class='ocrx_word' id='word_1_9' title='bbox 808 836 911 927; x_wconf 76' lang='lat' dir='ltr'>quae</span> <span class='ocrx_word' id='word_1_10' title='bbox 938 814 1017 899; x_wconf 81' lang='lat' dir='ltr'>vix</span> <span class='ocrx_word' id='word_1_11' title='bbox 1038 810 1229 925; x_wconf 66' lang='lat' dir='ltr'>vsuperari</span> <span class='ocrx_word' id='word_1_12' title='bbox 1262 812 1370 926; x_wconf 82' lang='lat' dir='ltr'>pod&#39;e</span> <span class='ocrx_word' id='word_1_13' title='bbox 1393 816 1462 900; x_wconf 81' lang='lat' dir='ltr'>ri·</span> 
     </span>
     <span class='ocr_line' id='line_1_3' title="bbox 200 935 1588 1054; baseline 0.007 -34"><span class='ocrx_word' id='word_1_14' title='bbox 200 935 406 1023; x_wconf 65' lang='lat' dir='ltr'>dotentur·</span> <span class='ocrx_word' id='word_1_15' title='bbox 473 938 536 1026; x_wconf 76' lang='lat' dir='ltr'>At</span> <span class='ocrx_word' id='word_1_16' title='bbox 566 942 777 1054; x_wconf 76' lang='lat' dir='ltr'>postquem</span> <span class='ocrx_word' id='word_1_17' title='bbox 807 948 937 1029; x_wconf 83' lang='lat' dir='ltr'>etium</span> <span class='ocrx_word' id='word_1_18' title='bbox 966 942 1130 1031; x_wconf 71' lang='lat' dir='ltr'>Artior</span> <span class='ocrx_word' id='word_1_19' title='bbox 1159 942 1286 1027; x_wconf 84' lang='lat' dir='ltr'>huius</span> <span class='ocrx_word' id='word_1_20' title='bbox 1322 938 1460 1030; x_wconf 81' lang='lat' dir='ltr'>differ·</span> <span class='ocrx_word' id='word_1_21' title='bbox 1579 1037 1588 1051; x_wconf 56' lang='grc'><em>,</em></span> 
     </span>
     <span class='ocr_line' id='line_1_4' title="bbox 202 1068 1519 1185; baseline 0.007 -38"><span class='ocrx_word' id='word_1_22' title='bbox 202 1070 364 1151; x_wconf 75' lang='lat' dir='ltr'>udonis</span> <span class='ocrx_word' id='word_1_23' title='bbox 390 1068 464 1157; x_wconf 87' lang='lat' dir='ltr'>diu</span> <span class='ocrx_word' id='word_1_24' title='bbox 495 1070 762 1185; x_wconf 86' lang='lat' dir='ltr'>multumque</span> <span class='ocrx_word' id='word_1_25' title='bbox 799 1076 843 1159; x_wconf 91' lang='lat' dir='ltr'>in</span> <span class='ocrx_word' id='word_1_26' title='bbox 883 1074 957 1159; x_wconf 85' lang='lat' dir='ltr'>huc</span> <span class='ocrx_word' id='word_1_27' title='bbox 994 1073 1301 1182; x_wconf 77' lang='lat' dir='ltr'>inuestigrrione</span> <span class='ocrx_word' id='word_1_28' title='bbox 1345 1072 1462 1157; x_wconf 88' lang='lat' dir='ltr'>desu-</span> <span class='ocrx_word' id='word_1_29' title='bbox 1515 1124 1519 1131; x_wconf 86' lang='lat'>·</span> 
     </span>
     <span class='ocr_line' id='line_1_5' title="bbox 194 1192 1465 1316; baseline 0.006 -39"><span class='ocrx_word' id='word_1_30' title='bbox 194 1192 397 1308; x_wconf 72' lang='lat' dir='ltr'>thuiffer,</span> <span class='ocrx_word' id='word_1_31' title='bbox 425 1202 517 1287; x_wconf 78' lang='lat' dir='ltr'>uoti</span> <span class='ocrx_word' id='word_1_32' title='bbox 548 1206 712 1289; x_wconf 80' lang='lat' dir='ltr'>tandem</span> <span class='ocrx_word' id='word_1_33' title='bbox 750 1218 919 1314; x_wconf 72' lang='lat' dir='ltr'>compos</span> <span class='ocrx_word' id='word_1_34' title='bbox 957 1205 1014 1289; x_wconf 86' lang='lat' dir='ltr'>est</span> <span class='ocrx_word' id='word_1_35' title='bbox 1045 1204 1206 1313; x_wconf 72' lang='lat' dir='ltr'>nnus,</span> <span class='ocrx_word' id='word_1_36' title='bbox 1242 1226 1465 1316; x_wconf 78' lang='lat' dir='ltr'>ueramque</span> 
     </span>
     <span class='ocr_line' id='line_1_6' title="bbox 195 1326 1555 1439; baseline 0.01 -32"><span class='ocrx_word' id='word_1_37' title='bbox 195 1346 370 1415; x_wconf 78' lang='lat' dir='ltr'>utrurm</span> <span class='ocrx_word' id='word_1_38' title='bbox 401 1326 717 1415; x_wconf 82' lang='lat' dir='ltr'>ruutnchronnm</span> <span class='ocrx_word' id='word_1_39' title='bbox 750 1331 792 1412; x_wconf 88' lang='lat' dir='ltr'>iu</span> <span class='ocrx_word' id='word_1_40' title='bbox 824 1331 992 1435; x_wconf 87' lang='lat' dir='ltr'>medio,</span> <span class='ocrx_word' id='word_1_41' title='bbox 1023 1336 1134 1439; x_wconf 89' lang='lat' dir='ltr'>qnod</span> <span class='ocrx_word' id='word_1_42' title='bbox 1161 1333 1380 1418; x_wconf 81' lang='lat' dir='ltr'>secundum</span> <span class='ocrx_word' id='word_1_43' title='bbox 1397 1356 1466 1418; x_wconf 75' lang='lat' dir='ltr'>ru·</span> <span class='ocrx_word' id='word_1_44' title='bbox 1551 1338 1555 1343; x_wconf 85' lang='grc'>’</span> 
     </span>
     <span class='ocr_line' id='line_1_7' title="bbox 199 1454 1461 1569; baseline 0.001 -27"><span class='ocrx_word' id='word_1_45' title='bbox 199 1454 358 1542; x_wconf 87' lang='lat' dir='ltr'>tionem</span> <span class='ocrx_word' id='word_1_46' title='bbox 388 1454 648 1545; x_wconf 80' lang='lat' dir='ltr'>celeritatum</span> <span class='ocrx_word' id='word_1_47' title='bbox 679 1454 928 1569; x_wconf 78' lang='lat' dir='ltr'>duplicatum</span> <span class='ocrx_word' id='word_1_48' title='bbox 960 1456 1136 1562; x_wconf 77' lang='lat' dir='ltr'>reddit,</span> <span class='ocrx_word' id='word_1_49' title='bbox 1166 1460 1274 1546; x_wconf 80' lang='lat' dir='ltr'>felici</span> <span class='ocrx_word' id='word_1_50' title='bbox 1291 1459 1461 1547; x_wconf 76' lang='lat' dir='ltr'>successu</span> 
     </span>
     <span class='ocr_line' id='line_1_8' title="bbox 194 1579 1462 1697; baseline 0.006 -30"><span class='ocrx_word' id='word_1_51' title='bbox 194 1579 354 1675; x_wconf 82' lang='lat' dir='ltr'>elicuit.</span> <span class='ocrx_word' id='word_1_52' title='bbox 416 1586 593 1673; x_wconf 82' lang='lat' dir='ltr'>Interim</span> <span class='ocrx_word' id='word_1_53' title='bbox 623 1605 761 1671; x_wconf 80' lang='lat' dir='ltr'>rumen</span> <span class='ocrx_word' id='word_1_54' title='bbox 793 1586 1042 1691; x_wconf 84' lang='lat' dir='ltr'>methodus,</span> <span class='ocrx_word' id='word_1_55' title='bbox 1088 1609 1167 1697; x_wconf 81' lang='lat' dir='ltr'>qna</span> <span class='ocrx_word' id='word_1_56' title='bbox 1209 1590 1255 1671; x_wconf 89' lang='lat' dir='ltr'>in</span> <span class='ocrx_word' id='word_1_57' title='bbox 1294 1583 1369 1675; x_wconf 79' lang='lat' dir='ltr'>hnc</span> <span class='ocrx_word' id='word_1_58' title='bbox 1397 1593 1462 1674; x_wconf 92' lang='lat' dir='ltr'>in·</span> 
     </span>
     <span class='ocr_line' id='line_1_9' title="bbox 118 1712 1463 1827; baseline 0.002 -29"><span class='ocrx_word' id='word_1_59' title='bbox 118 1772 121 1780; x_wconf 51' lang='lat'>2</span> <span class='ocrx_word' id='word_1_60' title='bbox 194 1714 463 1827; x_wconf 70' lang='lat' dir='ltr'>tefflgrnone</span> <span class='ocrx_word' id='word_1_61' title='bbox 493 1731 579 1804; x_wconf 85' lang='lat' dir='ltr'>erut</span> <span class='ocrx_word' id='word_1_62' title='bbox 611 1716 741 1822; x_wconf 81' lang='lat' dir='ltr'>usus,</span> <span class='ocrx_word' id='word_1_63' title='bbox 771 1713 896 1803; x_wconf 81' lang='lat' dir='ltr'>nullo</span> <span class='ocrx_word' id='word_1_64' title='bbox 919 1716 1043 1801; x_wconf 89' lang='lat' dir='ltr'>modo</span> <span class='ocrx_word' id='word_1_65' title='bbox 1073 1718 1121 1803; x_wconf 83' lang='lat' dir='ltr'>ad</span> <span class='ocrx_word' id='word_1_66' title='bbox 1152 1712 1250 1801; x_wconf 77' lang='lat' dir='ltr'>anas</span> <span class='ocrx_word' id='word_1_67' title='bbox 1280 1718 1463 1819; x_wconf 83' lang='lat' dir='ltr'>refisten·</span> 
     </span>
     <span class='ocr_line' id='line_1_10' title="bbox 193 1842 1483 1957; baseline 0.002 -29"><span class='ocrx_word' id='word_1_68' title='bbox 193 1842 303 1939; x_wconf 56' lang='lat' dir='ltr'>tiaex</span> <span class='ocrx_word' id='word_1_69' title='bbox 339 1842 587 1957; x_wconf 74' lang='lat' dir='ltr'>hypotheses</span> <span class='ocrx_word' id='word_1_70' title='bbox 633 1844 838 1932; x_wconf 74' lang='lat' dir='ltr'>transferri</span> <span class='ocrx_word' id='word_1_71' title='bbox 886 1862 1091 1957; x_wconf 76' lang='lat' dir='ltr'>poterut3</span> <span class='ocrx_word' id='word_1_72' title='bbox 1140 1844 1300 1932; x_wconf 78' lang='lat' dir='ltr'>ramerii</span> <span class='ocrx_word' id='word_1_73' title='bbox 1348 1848 1483 1931; x_wconf 89' lang='lat' dir='ltr'>enim·</span> 
     </span>
     <span class='ocr_line' id='line_1_11' title="bbox 192 1960 1464 2085; baseline 0.002 -28"><span class='ocrx_word' id='word_1_74' title='bbox 192 1991 362 2059; x_wconf 78' lang='lat' dir='ltr'>cerrum</span> <span class='ocrx_word' id='word_1_75' title='bbox 395 1974 608 2061; x_wconf 72' lang='lat' dir='ltr'>uidebatur</span> <span class='ocrx_word' id='word_1_76' title='bbox 636 1960 695 2061; x_wconf 89' lang='lat' dir='ltr'>in.</span> <span class='ocrx_word' id='word_1_77' title='bbox 713 1992 857 2060; x_wconf 82' lang='lat' dir='ltr'>nuturn</span> <span class='ocrx_word' id='word_1_78' title='bbox 889 1972 1016 2067; x_wconf 74' lang='lat' dir='ltr'>diam</span> <span class='ocrx_word' id='word_1_79' title='bbox 1053 1970 1292 2063; x_wconf 72' lang='lat' dir='ltr'>tententiae</span> <span class='ocrx_word' id='word_1_80' title='bbox 1328 1971 1464 2085; x_wconf 83' lang='lat' dir='ltr'>legem</span> 
     </span>
     <span class='ocr_line' id='line_1_12' title="bbox 192 2100 1465 2215; baseline 0.004 -29"><span class='ocrx_word' id='word_1_81' title='bbox 192 2122 359 2215; x_wconf 80' lang='lat' dir='ltr'>praeter</span> <span class='ocrx_word' id='word_1_82' title='bbox 386 2101 638 2214; x_wconf 82' lang='lat' dir='ltr'><strong>duplicatam</strong></span> <span class='ocrx_word' id='word_1_83' title='bbox 668 2100 926 2191; x_wconf 83' lang='lat' dir='ltr'>oeleritutum</span> <span class='ocrx_word' id='word_1_84' title='bbox 955 2106 1159 2191; x_wconf 75' lang='lat' dir='ltr'>rationem</span> <span class='ocrx_word' id='word_1_85' title='bbox 1198 2104 1340 2194; x_wconf 89' lang='lat' dir='ltr'>locum</span> <span class='ocrx_word' id='word_1_86' title='bbox 1389 2103 1465 2191; x_wconf 77' lang='lat' dir='ltr'>hr-</span> 
     </span>
     <span class='ocr_line' id='line_1_13' title="bbox 192 2230 1466 2344; baseline 0.001 -28"><span class='ocrx_word' id='word_1_87' title='bbox 192 2230 289 2316; x_wconf 86' lang='lat' dir='ltr'>bete</span> <span class='ocrx_word' id='word_1_88' title='bbox 322 2252 404 2319; x_wconf 88' lang='lat' dir='ltr'>nou</span> <span class='ocrx_word' id='word_1_89' title='bbox 435 2233 566 2343; x_wconf 74' lang='lat' dir='ltr'>podo,</span> <span class='ocrx_word' id='word_1_90' title='bbox 595 2252 731 2320; x_wconf 77' lang='lat' dir='ltr'>remen</span> <span class='ocrx_word' id='word_1_91' title='bbox 764 2234 906 2321; x_wconf 79' lang='lat' dir='ltr'>eudem</span> <span class='ocrx_word' id='word_1_92' title='bbox 934 2232 1112 2344; x_wconf 81' lang='lat' dir='ltr'>quaestio</span> <span class='ocrx_word' id='word_1_93' title='bbox 1141 2234 1196 2319; x_wconf 89' lang='lat' dir='ltr'>de</span> <span class='ocrx_word' id='word_1_94' title='bbox 1226 2233 1466 2319; x_wconf 79' lang='lat' dir='ltr'>tnurochro·</span> 
     </span>
     <span class='ocr_line' id='line_1_14' title="bbox 193 2354 1466 2477; baseline 0.001 -32"><span class='ocrx_word' id='word_1_95' title='bbox 193 2360 262 2445; x_wconf 83' lang='lat' dir='ltr'>nis</span> <span class='ocrx_word' id='word_1_96' title='bbox 294 2359 339 2444; x_wconf 93' lang='lat' dir='ltr'>in</span> <span class='ocrx_word' id='word_1_97' title='bbox 369 2359 460 2445; x_wconf 80' lang='lat' dir='ltr'>aliis</span> <span class='ocrx_word' id='word_1_98' title='bbox 489 2363 728 2452; x_wconf 79' lang='lat' dir='ltr'>rediieorine</span> <span class='ocrx_word' id='word_1_99' title='bbox 757 2354 1053 2477; x_wconf 80' lang='lat' dir='ltr'>hypothefibur</span> <span class='ocrx_word' id='word_1_100' title='bbox 1082 2384 1166 2447; x_wconf 89' lang='lat' dir='ltr'>non</span> <span class='ocrx_word' id='word_1_101' title='bbox 1183 2376 1275 2449; x_wconf 74' lang='lat' dir='ltr'>tam·</span> <span class='ocrx_word' id='word_1_102' title='bbox 1305 2364 1352 2451; x_wconf 91' lang='lat' dir='ltr'>in</span> <span class='ocrx_word' id='word_1_103' title='bbox 1368 2362 1466 2451; x_wconf 82' lang='lat' dir='ltr'>Me·</span> 
     </span>
     <span class='ocr_line' id='line_1_15' title="bbox 191 2482 1469 2607; baseline 0.005 -31"><span class='ocrx_word' id='word_1_104' title='bbox 191 2486 365 2597; x_wconf 71' lang='lat' dir='ltr'>thanim</span> <span class='ocrx_word' id='word_1_105' title='bbox 415 2512 541 2602; x_wconf 75' lang='lat' dir='ltr'>quam</span> <span class='ocrx_word' id='word_1_106' title='bbox 571 2497 615 2581; x_wconf 87' lang='lat' dir='ltr'>in</span> <span class='ocrx_word' id='word_1_107' title='bbox 649 2492 733 2607; x_wconf 81' lang='lat' dir='ltr'>ipsa</span> <span class='ocrx_word' id='word_1_108' title='bbox 762 2490 936 2600; x_wconf 81' lang='lat' dir='ltr'>Amlyst</span> <span class='ocrx_word' id='word_1_109' title='bbox 965 2490 1120 2593; x_wconf 85' lang='lat' dir='ltr'>merito</span> <span class='ocrx_word' id='word_1_110' title='bbox 1148 2492 1330 2579; x_wconf 78' lang='lat' dir='ltr'>maximi</span> <span class='ocrx_word' id='word_1_111' title='bbox 1370 2482 1469 2581; x_wconf 86' lang='lat' dir='ltr'>mo·</span> 
     </span>
     <span class='ocr_line' id='line_1_16' title="bbox 191 2607 1468 2733; baseline 0.003 -30"><span class='ocrx_word' id='word_1_112' title='bbox 191 2612 332 2705; x_wconf 85' lang='lat' dir='ltr'>menri</span> <span class='ocrx_word' id='word_1_113' title='bbox 350 2607 648 2727; x_wconf 75' lang='lat' dir='ltr'>indicebatur,</span> <span class='ocrx_word' id='word_1_114' title='bbox 696 2638 909 2733; x_wconf 74' lang='lat' dir='ltr'>propretor</span> <span class='ocrx_word' id='word_1_115' title='bbox 940 2618 1052 2733; x_wconf 91' lang='lat' dir='ltr'>qnod</span> <span class='ocrx_word' id='word_1_116' title='bbox 1078 2616 1214 2711; x_wconf 70' lang='lat' dir='ltr'>reduc</span> <span class='ocrx_word' id='word_1_117' title='bbox 1241 2622 1468 2712; x_wconf 76' lang='lat' dir='ltr'>dfficutn·</span> 
     </span>
     <span class='ocr_line' id='line_1_17' title="bbox 187 2741 1467 2861; baseline 0.002 -30"><span class='ocrx_word' id='word_1_118' title='bbox 187 2760 290 2849; x_wconf 84' lang='lat' dir='ltr'>tes,</span> <span class='ocrx_word' id='word_1_119' title='bbox 324 2762 428 2855; x_wconf 75' lang='lat' dir='ltr'>qnae</span> <span class='ocrx_word' id='word_1_120' title='bbox 456 2741 562 2828; x_wconf 82' lang='lat' dir='ltr'>hanc</span> <span class='ocrx_word' id='word_1_121' title='bbox 593 2746 947 2849; x_wconf 79' lang='lat' dir='ltr'>inuestigatinnem</span> <span class='ocrx_word' id='word_1_122' title='bbox 979 2749 1256 2859; x_wconf 84' lang='lat' dir='ltr'>impedirent,</span> <span class='ocrx_word' id='word_1_123' title='bbox 1284 2744 1467 2861; x_wconf 80' lang='lat' dir='ltr'>superari</span> 
     </span>
     <span class='ocr_line' id='line_1_18' title="bbox 188 2866 1467 2982; baseline 0.002 -23"><span class='ocrx_word' id='word_1_124' title='bbox 188 2896 282 2959; x_wconf 89' lang='lat' dir='ltr'>non</span> <span class='ocrx_word' id='word_1_125' title='bbox 318 2866 513 2982; x_wconf 74' lang='lat' dir='ltr'>possunt,</span> <span class='ocrx_word' id='word_1_126' title='bbox 542 2870 643 2982; x_wconf 89' lang='lat' dir='ltr'>quin</span> <span class='ocrx_word' id='word_1_127' title='bbox 675 2868 803 2958; x_wconf 85' lang='lat' dir='ltr'>fimul</span> <span class='ocrx_word' id='word_1_128' title='bbox 832 2869 1025 2980; x_wconf 80' lang='lat' dir='ltr'>Anelyfis</span> <span class='ocrx_word' id='word_1_129' title='bbox 1056 2875 1211 2960; x_wconf 81' lang='lat' dir='ltr'>eximia</span> <span class='ocrx_word' id='word_1_130' title='bbox 1260 2876 1355 2963; x_wconf 86' lang='lat' dir='ltr'>inde</span> <span class='ocrx_word' id='word_1_131' title='bbox 1398 2902 1467 2964; x_wconf 81' lang='lat' dir='ltr'>uc·</span> 
     </span>
     <span class='ocr_line' id='line_1_19' title="bbox 188 2998 1467 3114; baseline 0.006 -27"><span class='ocrx_word' id='word_1_132' title='bbox 188 3002 325 3114; x_wconf 78' lang='lat' dir='ltr'>cipiet</span> <span class='ocrx_word' id='word_1_133' title='bbox 357 2998 617 3083; x_wconf 75' lang='lat' dir='ltr'>incrementa.</span> <span class='ocrx_word' id='word_1_134' title='bbox 684 2998 846 3085; x_wconf 88' lang='lat' dir='ltr'>Verum</span> <span class='ocrx_word' id='word_1_135' title='bbox 877 3002 987 3111; x_wconf 92' lang='lat' dir='ltr'>quod</span> <span class='ocrx_word' id='word_1_136' title='bbox 1016 3000 1061 3085; x_wconf 90' lang='lat' dir='ltr'>in</span> <span class='ocrx_word' id='word_1_137' title='bbox 1079 2999 1160 3088; x_wconf 88' lang='lat' dir='ltr'>hoc</span> <span class='ocrx_word' id='word_1_138' title='bbox 1176 3008 1343 3114; x_wconf 81' lang='lat' dir='ltr'>negotio</span> <span class='ocrx_word' id='word_1_139' title='bbox 1356 3003 1467 3095; x_wconf 78' lang='lat' dir='ltr'>hund</span> 
     </span>
     <span class='ocr_line' id='line_1_20' title="bbox 190 3124 1520 3249; baseline 0.006 -37"><span class='ocrx_word' id='word_1_140' title='bbox 190 3144 353 3247; x_wconf 80' lang='lat' dir='ltr'>purum</span> <span class='ocrx_word' id='word_1_141' title='bbox 380 3129 541 3215; x_wconf 89' lang='lat' dir='ltr'>mirum</span> <span class='ocrx_word' id='word_1_142' title='bbox 573 3124 808 3232; x_wconf 80' lang='lat' dir='ltr'>ridebitur,</span> <span class='ocrx_word' id='word_1_143' title='bbox 844 3129 955 3239; x_wconf 91' lang='lat' dir='ltr'>quod</span> <span class='ocrx_word' id='word_1_144' title='bbox 1005 3128 1224 3216; x_wconf 76' lang='lat' dir='ltr'>methodus</span> <span class='ocrx_word' id='word_1_145' title='bbox 1274 3136 1467 3222; x_wconf 77' lang='lat' dir='ltr'>Audiorir</span> <span class='ocrx_word' id='word_1_146' title='bbox 1516 3241 1520 3249; x_wconf 25' lang='grc' dir='ltr'>Ι</span> 
     </span>
     <span class='ocr_line' id='line_1_21' title="bbox 145 3254 1467 3375; baseline 0.011 -41"><span class='ocrx_word' id='word_1_147' title='bbox 145 3324 150 3334; x_wconf 86' lang='grc'><em>,</em></span> <span class='ocrx_word' id='word_1_148' title='bbox 192 3282 249 3347; x_wconf 87' lang='lat' dir='ltr'>ne</span> <span class='ocrx_word' id='word_1_149' title='bbox 283 3260 334 3343; x_wconf 78' lang='lat' dir='ltr'>nd</span> <span class='ocrx_word' id='word_1_150' title='bbox 368 3278 461 3344; x_wconf 83' lang='lat' dir='ltr'>eum</span> <span class='ocrx_word' id='word_1_151' title='bbox 490 3256 658 3370; x_wconf 91' lang='lat' dir='ltr'>quidem</span> <span class='ocrx_word' id='word_1_152' title='bbox 692 3254 977 3372; x_wconf 68' lang='lat' dir='ltr'>hypothesin,</span> <span class='ocrx_word' id='word_1_153' title='bbox 1008 3278 1088 3370; x_wconf 82' lang='lat' dir='ltr'>qun</span> <span class='ocrx_word' id='word_1_154' title='bbox 1127 3258 1342 3346; x_wconf 77' lang='lat' dir='ltr'>refluentia</span> <span class='ocrx_word' id='word_1_155' title='bbox 1388 3262 1467 3375; x_wconf 77' lang='lat' dir='ltr'>ipsu</span> 
     </span>
     <span class='ocr_line' id='line_1_22' title="bbox 188 3374 1468 3506; baseline 0.005 -33"><span class='ocrx_word' id='word_1_156' title='bbox 188 3384 397 3506; x_wconf 78' lang='lat' dir='ltr'>celeritati</span> <span class='ocrx_word' id='word_1_157' title='bbox 430 3384 749 3501; x_wconf 79' lang='lat' dir='ltr'>proportionalis</span> <span class='ocrx_word' id='word_1_158' title='bbox 793 3374 1011 3496; x_wconf 79' lang='lat' dir='ltr'>fingitur&#39;‚&#39;</span> <span class='ocrx_word' id='word_1_159' title='bbox 1049 3388 1321 3498; x_wconf 80' lang='lat' dir='ltr'>extendatur,</span> <span class='ocrx_word' id='word_1_160' title='bbox 1367 3413 1468 3481; x_wconf 89' lang='lat' dir='ltr'>cum</span> 
     </span>
     <span class='ocr_line' id='line_1_23' title="bbox 193 3510 1488 3631; baseline -0.001 -25"><span class='ocrx_word' id='word_1_161' title='bbox 193 3538 341 3606; x_wconf 79' lang='lat' dir='ltr'>tamen</span> <span class='ocrx_word' id='word_1_162' title='bbox 369 3510 439 3603; x_wconf 82' lang='lat' dir='ltr'>iiic</span> <span class='ocrx_word' id='word_1_163' title='bbox 465 3520 578 3603; x_wconf 58' lang='lat' dir='ltr'>‘casus</span> <span class='ocrx_word' id='word_1_164' title='bbox 601 3518 691 3601; x_wconf 85' lang='lat' dir='ltr'>iam</span> <span class='ocrx_word' id='word_1_165' title='bbox 725 3519 883 3630; x_wconf 87' lang='lat' dir='ltr'>pridem</span> <span class='ocrx_word' id='word_1_166' title='bbox 914 3513 1045 3603; x_wconf 85' lang='lat' dir='ltr'>fuiffet</span> <span class='ocrx_word' id='word_1_167' title='bbox 1083 3516 1331 3631; x_wconf 78' lang='lat' dir='ltr'>exploratur.</span> <span class='ocrx_word' id='word_1_168' title='bbox 1404 3523 1488 3608; x_wconf 80' lang='lat' dir='ltr'>Ar·</span> 
     </span>
     <span class='ocr_line' id='line_1_24' title="bbox 194 3647 1469 3762; baseline 0 -27"><span class='ocrx_word' id='word_1_169' title='bbox 194 3648 265 3739; x_wconf 89' lang='lat' dir='ltr'>hic</span> <span class='ocrx_word' id='word_1_170' title='bbox 299 3647 468 3762; x_wconf 81' lang='lat' dir='ltr'>quidem</span> <span class='ocrx_word' id='word_1_171' title='bbox 510 3648 719 3760; x_wconf 82' lang='lat' dir='ltr'>imprimis</span> <span class='ocrx_word' id='word_1_172' title='bbox 764 3650 898 3734; x_wconf 80' lang='lat' dir='ltr'>notari</span> <span class='ocrx_word' id='word_1_173' title='bbox 946 3650 1171 3752; x_wconf 76' lang='lat' dir='ltr'>conuenit,</span> <span class='ocrx_word' id='word_1_174' title='bbox 1219 3647 1469 3735; x_wconf 68' lang='lat' dir='ltr'>atumem</span> 
     </span>
     <span class='ocr_line' id='line_1_25' title="bbox 193 3772 1580 3889; baseline -0.002 -22"><span class='ocrx_word' id='word_1_175' title='bbox 193 3776 516 3867; x_wconf 78' lang='lat' dir='ltr'>rnutochronnm</span> <span class='ocrx_word' id='word_1_176' title='bbox 549 3779 592 3862; x_wconf 93' lang='lat' dir='ltr'>in</span> <span class='ocrx_word' id='word_1_177' title='bbox 633 3776 711 3860; x_wconf 83' lang='lat' dir='ltr'>hac</span> <span class='ocrx_word' id='word_1_178' title='bbox 757 3774 993 3865; x_wconf 83' lang='lat' dir='ltr'>refistentite</span> <span class='ocrx_word' id='word_1_179' title='bbox 1041 3772 1262 3889; x_wconf 84' lang='lat' dir='ltr'>hypothefi</span> <span class='ocrx_word' id='word_1_180' title='bbox 1312 3804 1393 3863; x_wconf 91' lang='lat' dir='ltr'>noo</span> <span class='ocrx_word' id='word_1_181' title='bbox 1442 3803 1467 3864; x_wconf 81' lang='lat' dir='ltr'>u</span> <span class='ocrx_word' id='word_1_182' title='bbox 1575 3810 1580 3821; x_wconf 92' lang='lat'><strong>·</strong></span> 
     </span>
     <span class='ocr_line' id='line_1_26' title="bbox 189 3905 1467 4025; baseline -0.004 -29"><span class='ocrx_word' id='word_1_183' title='bbox 189 3912 334 4025; x_wconf 89' lang='lat' dir='ltr'>priori</span> <span class='ocrx_word' id='word_1_184' title='bbox 366 3908 444 4011; x_wconf 83' lang='lat' dir='ltr'>effe</span> <span class='ocrx_word' id='word_1_185' title='bbox 474 3912 720 4014; x_wconf 79' lang='lat' dir='ltr'>inuentam,</span> <span class='ocrx_word' id='word_1_186' title='bbox 767 3905 830 3991; x_wconf 82' lang='lat' dir='ltr'>sed</span> <span class='ocrx_word' id='word_1_187' title='bbox 864 3909 1000 4019; x_wconf 84' lang='lat' dir='ltr'>potius</span> <span class='ocrx_word' id='word_1_188' title='bbox 1031 3932 1132 3992; x_wconf 91' lang='lat' dir='ltr'>cum</span> <span class='ocrx_word' id='word_1_189' title='bbox 1161 3906 1267 3994; x_wconf 76' lang='lat' dir='ltr'>inte</span> <span class='ocrx_word' id='word_1_190' title='bbox 1298 3910 1340 3988; x_wconf 90' lang='lat' dir='ltr'>in</span> <span class='ocrx_word' id='word_1_191' title='bbox 1373 3922 1467 3991; x_wconf 79' lang='lat' dir='ltr'>mo·-</span> 
     </span>
     <span class='ocr_line' id='line_1_27' title="bbox 191 4028 1466 4156; baseline -0.004 -31"><span class='ocrx_word' id='word_1_192' title='bbox 191 4058 302 4125; x_wconf 88' lang='lat' dir='ltr'>rum</span> <span class='ocrx_word' id='word_1_193' title='bbox 336 4038 450 4152; x_wconf 87' lang='lat' dir='ltr'>super</span> <span class='ocrx_word' id='word_1_194' title='bbox 483 4028 666 4156; x_wconf 81' lang='lat' dir='ltr'>cycloide</span> <span class='ocrx_word' id='word_1_195' title='bbox 697 4037 954 4148; x_wconf 86' lang='lat' dir='ltr'>inquireret,</span> <span class='ocrx_word' id='word_1_196' title='bbox 1002 4034 1114 4145; x_wconf 81' lang='lat' dir='ltr'>quast</span> <span class='ocrx_word' id='word_1_197' title='bbox 1154 4036 1365 4149; x_wconf 80' lang='lat' dir='ltr'>inopinato</span> <span class='ocrx_word' id='word_1_198' title='bbox 1394 4034 1466 4120; x_wconf 84' lang='lat' dir='ltr'>de·</span> 
     </span>
     <span class='ocr_line' id='line_1_28' title="bbox 191 4163 1566 4283; baseline -0.001 -31"><span class='ocrx_word' id='word_1_199' title='bbox 191 4166 483 4283; x_wconf 81' lang='lat' dir='ltr'>prehendisse,</span> <span class='ocrx_word' id='word_1_200' title='bbox 512 4165 852 4253; x_wconf 79' lang='lat' dir='ltr'>ruutochronismi</span> <span class='ocrx_word' id='word_1_201' title='bbox 885 4164 1177 4277; x_wconf 80' lang='lat' dir='ltr'>proprietatem</span> <span class='ocrx_word' id='word_1_202' title='bbox 1212 4164 1260 4249; x_wconf 81' lang='lat' dir='ltr'>ab</span> <span class='ocrx_word' id='word_1_203' title='bbox 1292 4163 1367 4247; x_wconf 83' lang='lat' dir='ltr'>hnc</span> <span class='ocrx_word' id='word_1_204' title='bbox 1401 4188 1467 4250; x_wconf 84' lang='lat' dir='ltr'>re·</span> <span class='ocrx_word' id='word_1_205' title='bbox 1562 4184 1566 4190; x_wconf 88' lang='grc'><strong><em>·</em></strong></span> 
     </span>
     <span class='ocr_line' id='line_1_29' title="bbox 153 4289 1468 4408; baseline -0.004 -24"><span class='ocrx_word' id='word_1_206' title='bbox 153 4348 158 4365; x_wconf 90' lang='lat'><strong>·</strong></span> <span class='ocrx_word' id='word_1_207' title='bbox 192 4298 379 4387; x_wconf 77' lang='lat' dir='ltr'>fistentin</span> <span class='ocrx_word' id='word_1_208' title='bbox 410 4322 493 4383; x_wconf 92' lang='lat' dir='ltr'>non</span> <span class='ocrx_word' id='word_1_209' title='bbox 524 4300 696 4401; x_wconf 74' lang='lat' dir='ltr'>turbari3</span> <span class='ocrx_word' id='word_1_210' title='bbox 720 4296 987 4408; x_wconf 81' lang='lat' dir='ltr'>quamobrem</span> <span class='ocrx_word' id='word_1_211' title='bbox 1018 4289 1213 4377; x_wconf 67' lang='lat' dir='ltr'>hedenus</span> <span class='ocrx_word' id='word_1_212' title='bbox 1247 4292 1468 4390; x_wconf 80' lang='lat' dir='ltr'>methodus</span> 
     </span>
     <span class='ocr_line' id='line_1_30' title="bbox 191 4420 1499 4537; baseline -0.004 -22"><span class='ocrx_word' id='word_1_213' title='bbox 191 4428 356 4515; x_wconf 74' lang='lat' dir='ltr'>utrem</span> <span class='ocrx_word' id='word_1_214' title='bbox 389 4426 546 4514; x_wconf 88' lang='lat' dir='ltr'>merito</span> <span class='ocrx_word' id='word_1_215' title='bbox 573 4424 892 4528; x_wconf 73' lang='lat' dir='ltr'>reiterabatur,</span> <span class='ocrx_word' id='word_1_216' title='bbox 923 4426 1003 4537; x_wconf 76' lang='lat' dir='ltr'>qun</span> <span class='ocrx_word' id='word_1_217' title='bbox 1030 4420 1156 4508; x_wconf 87' lang='lat' dir='ltr'>fimul</span> <span class='ocrx_word' id='word_1_218' title='bbox 1183 4440 1275 4507; x_wconf 72' lang='lat' dir='ltr'>&#39;tam</span> <span class='ocrx_word' id='word_1_219' title='bbox 1317 4424 1360 4506; x_wconf 91' lang='lat' dir='ltr'>in</span> <span class='ocrx_word' id='word_1_220' title='bbox 1400 4448 1499 4510; x_wconf 47' lang='lat' dir='ltr'>rum</span> 
     </span>
     <span class='ocr_line' id='line_1_31' title="bbox 193 4548 1474 4672; baseline -0.007 -25"><span class='ocrx_word' id='word_1_221' title='bbox 193 4553 319 4651; x_wconf 82' lang='lat' dir='ltr'>tinne</span> <span class='ocrx_word' id='word_1_222' title='bbox 367 4557 623 4646; x_wconf 72' lang='lat' dir='ltr'>celeritatum</span> <span class='ocrx_word' id='word_1_223' title='bbox 665 4548 847 4672; x_wconf 80' lang='lat' dir='ltr'>iimplici</span> <span class='ocrx_word' id='word_1_224' title='bbox 867 4594 889 4661; x_wconf 89' lang='lat'>‚·</span> <span class='ocrx_word' id='word_1_225' title='bbox 911 4580 1035 4667; x_wconf 83' lang='lat' dir='ltr'>quam</span> <span class='ocrx_word' id='word_1_226' title='bbox 1065 4548 1272 4668; x_wconf 83' lang='lat' dir='ltr'>duplicant</span> <span class='ocrx_word' id='word_1_227' title='bbox 1320 4575 1474 4638; x_wconf 84' lang='lat' dir='ltr'>turone·</span> 
     </span>
     <span class='ocr_line' id='line_1_32' title="bbox 228 4702 1469 4771; baseline 0 -2"><span class='ocrx_word' id='word_1_228' title='bbox 228 4703 248 4736; x_wconf 87' lang='lat'>···</span> <span class='ocrx_word' id='word_1_229' title='bbox 825 4712 910 4771; x_wconf 85' lang='lat' dir='ltr'>c2</span> <span class='ocrx_word' id='word_1_230' title='bbox 1333 4702 1469 4769; x_wconf 76' lang='lat' dir='ltr'>tauto·</span> 
     </span>
    </p>
   </div>
   <div class='ocr_carea' id='block_1_2' title="bbox 0 0 2252 5809">
    <p class='ocr_par' dir='ltr' id='par_1_2' title="bbox 0 0 2252 5809">
     <span class='ocr_line' id='line_1_33' title="bbox 0 0 2252 5809; baseline 0 0"><span class='ocrx_word' id='word_1_231' title='bbox 0 0 2252 5809; x_wconf 95' lang='lat' dir='ltr'> </span> 
     </span>
    </p>
   </div>
  </div>
 </body>
</html>
