4492 5809
642 592 758 723 »aa
789 584 806 709 ι
838 614 865 681 0
900 586 919 713 t
949 527 1066 727 aa«
1419 602 1488 711 ⁵21.

213 814 298 907 firit
326 804 522 928 :104⁰.
589 812 749 915 Gradus
786 846 887 928 109.
921 850 1017 914 raro
1051 828 1262 917 maximus
1292 853 1368 945 per
1407 858 1480 921 an·
1528 824 1533 832 ’

213 976 322 1036 ιιιιιιι
356 950 428 1038 effe
456 954 526 1039 hic
542 953 667 1064 solet,
691 979 821 1067 neque
835 956 1017 1066 frequens
1035 956 1079 1041 in
1097 962 1278 1047 mensem
1297 962 1481 1073 Maium,

210 1074 275 1167 led
306 1082 557 1193 uequentius
587 1086 632 1170 iu
666 1082 840 1170 Iunium
860 1102 916 1168 et
948 1087 1109 1174 Iulium
1151 1090 1327 1175 incidere
1368 1091 1480 1177 soler.

363 1212 505 1311 Aestas
538 1217 668 1325 igitur
702 1215 841 1297 minus
870 1212 1017 1325 calida,
1048 1236 1189 1306 contra
1219 1217 1355 1306 hiems
1385 1220 1478 1307 satis

206 1334 339 1449 gelida
374 1344 455 1429 erit
487 1347 687 1430 cenenda.

355 1472 424 1563 Ad
456 1491 637 1561 meteora
669 1469 779 1585 quod
811 1470 984 1579 attinet,
1016 1471 1207 1586 primum
1224 1466 1480 1567 auroraeb‘oss

126 1590 130 1599 ’
202 1597 332 1683 reales
374 1624 429 1706 7,
475 1628 654 1707 quarum
695 1618 776 1683 tres
817 1600 989 1705 insignes
1021 1621 1063 1684 et
1095 1606 1292 1708 perfectae
1329 1627 1477 1712 eraut,

199 1720 287 1809 hoc
300 1752 426 1822 anno
454 1726 545 1813 sunt
578 1740 749 1809 notatae.

357 1852 688 1943 Phaenomenum
722 1847 890 1957 tolare,
932 1853 1042 1966 quod
1091 1852 1173 1941 fuit
1222 1790 1319 1947 halo
1363 1859 1474 1949 circa

193 1982 330 2071 solem
363 2010 462 2070 cum
497 1987 624 2071 tribus
659 1978 824 2097 pareliis
855 1981 1046 2131 adparuit
1075 1982 1255 2071 Ianuarii
1275 2016 1349 2075 12.
1364 1991 1473 2074 circe

193 2116 431 2199 meridiem.
495 2117 832 2205 Phaenomenum
867 2110 944 2201 hoc
993 2116 1038 2201 in
1072 2117 1286 2227 peculiari
1334 2114 1470 2236 figura
1500 2189 1532 2209 ⁴

187 2240 250 2327 est
284 2248 638 2356 repraesentatum.
706 2241 806 2328 Alia
839 2237 937 2330 halo
974 2242 1114 2328 solaris
1146 2247 1337 2357 adparuit
1368 2269 1470 2335 cum

185 2372 396 2484 pareliis,
427 2374 490 2460 sed
522 2403 604 2461 non
638 2373 864 2478 distinctis,
899 2372 1044 2461 Martii
1087 2398 1128 2455 2.

350 2506 534 2613 Tonitru
565 2506 755 2617 primum
789 2498 868 2587 hoc
894 2529 1001 2588 anno
1031 2500 1153 2587 solito
1184 2503 1337 2589 tardius
1366 2502 1469 2588 eue-¹

181 2633 297 2741 nir,
326 2634 475 2719 scilicet
509 2636 613 2721 Maii
652 2641 725 2715 16
757 2655 893 2740 quum
924 2656 1031 2717 anno
1064 2634 1312 2739 praecedenti
1364 2658 1468 2715 con·

181 2779 257 2844 tra
295 2760 415 2845 solito
445 2762 599 2861 citius,
632 2758 718 2840 iam
753 2756 900 2841 Martii
934 2784 959 2837 2
967 2776 1008 2853 5
1049 2777 1234 2842 ceterum
1284 2759 1467 2845 tonitrua
1504 2772 1511 2783 “

180 2910 350 2975 nouem
383 2889 520 2971 diebus
548 2888 643 2970 sunt
674 2883 824 2972 audita.

344 3010 453 3099 Halo
481 3017 586 3099 circa
618 3011 746 3097 solem
778 3008 992 3121 elliptica‚
1043 2941 1219 3132 Augusti
1251 3041 1292 3118 4.
1331 2932 1373 3101 ln
1421 3026 1462 3105 a.

178 3170 315 3233 mane
337 3144 560 3250 obseruata,
591 3142 645 3227 est
668 3158 812 3226 notatu
842 3140 1099 3245 digniffima‚
1131 3145 1330 3231 rarissime
1345 3145 1461 3229 enim

176 3275 396 3359 eiusmodi
430 3272 618 3360 haloncs·
627 3292 835 3356 occurrere
866 3264 1005 3353 solent.
1048 3268 1145 3354 Vid.
1181 3272 1395 3378 Figuram.

345 3400 503 3512 Ninos,
535 3407 583 3491 ad
616 3400 736 3485 instar
768 3420 997 3510 paruorum
1027 3394 1301 3505 spiculorum,
1321 3422 1457 3512 quum

176 3549 271 3619 non
305 3538 535 3646 frequenter
566 3551 777 3617 occurrere
808 3524 990 3630 soleant,
1033 3522 1102 3608 hic
1152 3550 1315 3636 quoque
1362 3529 1458 3612 sunt

174 3664 450 3754 adnotandae.
503 3662 692 3753 Cecidere
726 3654 1079 3744 eiusmodi-niues
1111 3652 1350 3741 Decembris
1386 3678 1457 3740 ιο.

328 3793 527 3881 Altitudo
558 3792 665 3875 niuis
697 3790 747 3874 ad
796 3781 1060 3871 altitudinem
1110 3808 1235 3893 aquae
1283 3807 1336 3868 ex
1383 3780 1458 3867 illa

166 3920 401 4033 liquefacta
432 3924 511 4010 fuit
543 3942 592 4007 vt
632 3946 703 4003 11.
737 3900 784 4001 ad
820 3940 862 4027 1.
891 3911 1043 3995 recenti
1076 3911 1178 3995 uiue
1204 3912 1333 4024 lapsa,
1357 3909 1457 3993 alias

165 4068 226 4135 ut
262 4076 317 4153 9.
358 4064 540 4156 8.et7.
575 4050 623 4137 ad
660 4076 700 4135 1.
833 4096 844 4143 -p
1337 4101 1341 4110 -

345 4182 537 4269 Altitudo
570 4204 695 4292 aquae
725 4173 891 4288 pluuiae
923 4196 995 4284 per
1027 4171 1094 4255 sex
1112 4168 1263 4253 menses
1282 4192 1303 4250 a
1322 4164 1457 4249 mense

167 4311 310 4401 Maio
341 4292 643 4401 rd'Odtobrem
677 4308 756 4393 fuit
791 4328 843 4387 ..τ
869 4309 940 4385 16.
960 4296 1058 4413 poll.
1094 4296 1210 4383 Paris.
1248 4319 1288 4397 5.
1317 4292 1393 4377 lin.

354 4442 495 4529 Mense
527 4439 637 4528 Iulio
672 4420 891 4537 maxima,
923 4449 966 4515 et
1006 4426 1237 4542 Septembri
1259 4425 1455 4511 *minima

163 4566 356 4683 pluuiae
390 4572 507 4687 copia
526 4567 702 4655 cecidit.

812 4716 899 4804 ga
954 4634 959 4641 Ι
1354 4682 1460 4773 Dio
