4492 5809
817 517 879 602 db
1178 491 1731 596 nnnMnNTA

818 737 889 823 bus
920 735 1113 850 particulis
1141 730 1171 826 d
1175 763 1210 846 y
1240 699 1473 850 augeantur3
1519 751 1558 820 et
1590 729 1944 846 quomodocunque
1990 729 2086 822 haec
2164 705 2167 713 Α

815 889 1025 980 augmenta
1056 871 1194 954 tuerint
1226 884 1479 981 comparata,
1528 866 1710 975 quoniam
1741 862 1887 974 prorius
1914 861 1997 948 sunt
2026 889 2086 950 ar·

814 994 998 1106 bitraria,
1044 1021 1168 1109 neque
1218 995 1305 1079 vilo
1353 996 1477 1080 modo
1525 1015 1550 1074 a
1597 993 1634 1075 se
1664 990 1831 1088 inuicem
1867 995 2083 1103 pendentia,

813 1121 955 1236 Neque
985 1125 1103 1209 etiam
1136 1147 1234 1232 opus
1261 1123 1350 1228 est,
1381 1139 1426 1205 vt
1456 1119 1636 1204 omnibus
1683 1120 1876 1206 valotibus
1904 1120 2016 1238 ipiius
2046 1150 2084 1230 y

812 1251 1031 1338 huiusmodi
1060 1251 1289 1334 variationes
1321 1248 1561 1360 tribuantur,
1614 1247 1676 1332 sed
1707 1247 1784 1334 stue
1816 1251 1947 1336 vnicua
1974 1255 2084 1364 quit-

782 1381 956 1492 ·piam‚
986 1377 1061 1464 stae
1092 1378 1200 1484 duo,
1234 1379 1307 1465 fiue
1337 1400 1581 1491 quotcunque
1611 1401 1685 1488 pro
1711 1375 1833 1464 lubitu
1865 1381 2079 1492 varientur,

806 1508 959 1624 semper
987 1532 1107 1617 aeque
1140 1503 1290 1592 neceffe
1323 1507 1407 1614 eii,
1457 1527 1501 1590 vt
1530 1506 1720 1612 variatio,
1770 1531 1868 1618 quae
1899 1508 1988 1593 inde
2036 1511 2078 1596 in

804 1655 938 1721 totum
973 1636 1147 1719 valorem
1179 1636 1295 1746 ipfius
1327 1632 1380 1741 U,
1410 1655 1588 1747 quatenus
1618 1634 1651 1718 ie
1682 1660 1704 1720 a
1735 1637 1907 1722 termino
1945 1661 2075 1725 tezo

806 1787 928 1874 reque
958 1765 1006 1850 ad
1039 1766 1248 1848 terminum
1298 1789 1429 1854 aza
1477 1761 1720 1870 extenditur,
1770 1765 1982 1876 redundat,
2032 1769 2075 1858 in

801 1894 967 1978 nibilum
1001 1891 1126 1978 abeat.

948 2045 1026 2139 65.
1060 2037 1128 2125 lix
1157 2037 1203 2124 iis
1232 2055 1383 2146 autem,
1413 2061 1507 2148 quae
1537 2036 1642 2144 supra
1675 2035 1758 2123 sunt
1792 2035 1956 2144 tradita,
1989 2061 2073 2128 ma·

800 2163 978 2254 nifestum
1011 2167 1098 2271 est,
1132 2168 1382 2256 variationem
1415 2165 1529 2276 ipsius
1560 2163 1601 2256 U
1631 2163 1786 2282 semper
1818 2163 1898 2253 hoc
1949 2167 2105 2256 modo'

796 2296 1003 2403 exprim-i,
1043 2312 1087 2381 vt
1117 2296 1192 2388 stt:

792 2447 826 2547 ὃ
846 2455 885 2538 U
902 2484 957 2539 ε
965 2452 1000 2562 s
1003 2452 1183 2561 (Aidxd
1189 2451 1406 2573 y÷(13)t
1409 2487 1445 2569 y
1463 2421 1963 2573 4-(Cffi5-ff-i-(Dffld
1990 2481 2067 2550 etc.

791 2603 896 2690 cuius
922 2605 1075 2694 formae
1107 2604 1266 2714 fiaguiat
1300 2623 1428 2716 partes
1457 2603 1610 2692 seotfim
1652 2601 1873 2690 confiderari
1922 2628 2065 2690 conne-

789 2729 861 2812 nit.
944 2731 1023 2825 At,
1043 2753 1195 2842 praeter
1226 2733 1402 2841 primum
1432 2734 1655 2820 membrum
1687 2729 1865 2840 integrale
1897 2731 2063 2846 reliquae

790 2895 920 2994 partes
952 2871 1058 2991 (But
1064 2909 1112 2990 y,
1143 2843 1305 2991 (cst—J}
1332 2898 1407 2966 etc.
1444 2899 1596 2968 rantum
1629 2905 1651 2965 a
1681 2877 1890 2964 variatione
1932 2880 2061 2968 vitimi
2215 2955 2216 2989 q

789 3006 932 3090 valoris
947 3033 998 3114 y,
1015 3015 1080 3120 qni
1097 3011 1221 3098 vaiori
1244 3035 1347 3097 x:a
1364 3011 1559 3120 conuenit,
1575 3012 1760 3119 pendent,
1785 3014 2061 3117 nequeratio·
2214 3047 2215 3092 t

789 3155 879 3218 nem
904 3137 1126 3222 variationis
1158 3136 1465 3250 praecedentium
1499 3138 1700 3247 implicant
1722 3163 1736 3247 3
1762 3153 1805 3218 vt
1838 3138 1944 3220 enim
1978 3156 2059 3223 tota
2213 3157 2214 3195 ¹

787 3263 952 3344 variatio
981 3263 1093 3372 ipfius
1123 3267 1165 3350 U
1192 3264 1422 3376 obtineatur,
1444 3267 1486 3350 in
1518 3265 1759 3375 expressione
1790 3261 1944 3350 inuenta
1974 3266 2058 3352 vbi·
2212 3279 2213 3299 ¹

784 3409 858 3496 que
889 3387 998 3472 statui
1029 3393 1143 3478 debet
1174 3417 1334 3503 xza,
1365 3393 1470 3505 quod
1502 3396 1541 3478 itt
1572 3395 1718 3506 singulis
1751 3392 1917 3502 partibus
1948 3419 2060 3505 prae·

786 3530 845 3598 ter
874 3516 1045 3627 primam
1079 3521 1167 3608 adiu
1198 3521 1278 3608 fieri
1310 3523 1465 3633 potest,
1497 3521 1619 3634 fitque
1649 3523 1689 3606 in
1721 3523 1765 3604 iis
1794 3511 1867 3626 dy
1897 3523 2057 3610 denota·

783 3639 844 3727 bit
875 3646 1166 3760 variationem,
1217 3674 1313 3762 quae
1346 3649 1418 3736 soli
1451 3650 1596 3736 ritimo
1628 3649 1750 3736 valoti
1780 3649 1946 3759 ipsrnay
1988 3653 2057 3738 tri·

781 3767 939 3878 buitur,
974 3795 1016 3861 et
1046 3802 1146 3890 quae
1179 3780 1342 3866 omnino
1375 3779 1429 3864 est
1459 3780 1684 3886 arbitraria,
1733 3801 1859 3890 neque
1889 3801 1930 3862 a.
1943 3803 2053 3888 prae·

633 3899 641 3910 ’
778 3902 998 3992 cedentibus
1044 3907 1195 4016 pendet.
1279 3906 1396 3992 Vnde
1424 3910 1657 4020 perspicuum
1689 3905 1776 4012 est,
1825 3905 1890 3992 nist
1924 3931 2054 3992 mem-

778 4023 889 4114 brum
922 4035 1101 4142 integrale
1131 4031 1305 4144 adesset,
1345 4061 1399 4122 ex
1430 4037 1582 4147 reliquie
1611 4035 1782 4146 partibus
1813 4031 1911 4120 nihii
1941 4033 2052 4148 plane

775 4163 1065 4268 protelatione
1096 4165 1250 4251 interr
1282 4183 1321 4250 et
1348 4192 1374 4267 γ
1405 4165 1579 4252 concludi
1610 4161 1732 4278 potie.

912 4333 987 4410 66.
1018 4329 1166 4416 Vetnm
1200 4333 1423 4440 membmm
1459 4330 1634 4443 integrale
1655 4327 1694 4439 s
1700 4318 1881 4444 (Anxa
1875 4353 1911 4440 y
1929 4325 2047 4414 etiam

769 4453 1017 4569 variationes,
1047 4483 1146 4575 quae
1174 4461 1346 4548 omnibus
1373 4461 1676 4578 praecedentibus
1694 4459 1884 4549 valoribue
1900 4457 2048 4672 iqfiusy

1873 4601 1924 4674 trr
1951 4609 2046 4672 uun·
