4492 5809
789 594 820 681 ⁸
1211 581 1649 719 *limi*-

789 820 921 915 ratlnr
958 816 1291 937 euoluerentnr,
1334 851 1516 942 quarum
1561 818 1787 933 nomano
1832 843 1910 935 per
1955 839 2076 909 arem

793 950 882 1041 stur
911 947 1121 1072 elllptlcnt
1152 951 1238 1041 stuc
1269 956 1556 1069 hyperbolicos
1585 952 1771 1066 expediri
1802 969 1941 1066 queat.
1987 953 2098 1052 Ars

793 1106 877 1199 que
910 1082 956 1169 in
988 1082 1065 1175 hac
1097 1087 1407 1197 inuestigatioue
1438 1085 1602 1174 Auctor
1637 1085 1753 1171 illius
1790 1081 2076 1175 distentionis

795 1212 1012 1329 imprimis
1042 1220 1098 1305 ell
1114 1215 1363 1329 occupatus,
1395 1216 1691 1329 summumque
1719 1215 1902 1329 studium
1926 1232 2076 1329 eontu-

797 1372 852 1465 lit
882 1378 932 1463 ad
964 1376 1070 1465 hanc
1084 1426 1088 1437 ·
1101 1378 1329 1469 formulam
1361 1381 1609 1491 integralem
1625 1377 1744 1496 sdx
1759 1350 1974 1493 Ϋξ-ξῆξῖ,
1998 1408 2078 1469 ex·

796 1516 1064 1629 plicandam,
1095 1536 1220 1635 atque
1249 1524 1351 1609 adeo
1380 1525 1432 1609 ad
1463 1545 1582 1611 arcus
1618 1521 1726 1606 unet
1746 1520 1951 1637 ellipticos
1990 1523 2077 1608 fine

798 1644 1091 1760 hyperbolicos
1121 1655 1413 1740 reducendam:
1446 1655 1560 1764 quod
1589 1654 1808 1759 negotium
1840 1646 1982 1735 multo
1995 1650 2079 1733 dif-

798 1775 952 1863 ficilius
981 1780 1071 1891 est,
1102 1808 1230 1897 quam
1261 1783 1382 1883 initio
1416 1767 1619 1869 rideatui.
1653 1784 1783 1868 Prout
1813 1782 1928 1864 enim
1945 1802 2080 1893 quan-

744 2010 747 2018 ,
799 1908 975 1995 titutum
1008 1912 1278 2001 conllantinm
1292 1914 1410 2030 s‚g
1442 1975 1456 2022 ‚
1487 1914 1518 2001 h
1548 1933 1594 1999 et
1625 1912 1681 2023 l,
1712 1912 1815 1998 aliae
1841 1904 2082 1997 fiterinrvel

804 2037 1006 2153 politium
1038 2030 1109 2129 vel
1141 2050 1386 2154 negotiare,
1415 2049 1526 2131 casus
1568 2046 1768 2131 oriuntur
1817 2058 1964 2127 natura
2012 2039 2083 2125 sut

803 2171 990 2255 maxime
1023 2176 1132 2259 inter
1156 2175 1202 2263 ‘se
1230 2177 1507 2290 discrepantee
1579 2171 1724 2263 Primo
1770 2173 1887 2258 enim
1930 2167 2083 2257 relatio

803 2298 913 2384 inter
945 2298 1017 2405 has
1046 2322 1226 2419 quatuor
1258 2305 1505 2421 quantitates
1536 2308 1594 2424 ita
1636 2304 1766 2419 potell
1796 2300 1874 2385 esse
1911 2326 2083 2414 compa⁴
2165 2317 2169 2322 ·

751 2490 755 2502 ·
802 2446 894 2517 rata
914 2492 927 2538 ‚
947 2426 1006 2516 ³vt
1035 2435 1219 2523 formula
1252 2435 1462 2545 integralis
1494 2460 1640 2524 arcum
1672 2434 1875 2546 quendam
1908 2432 1994 2517 liue
2016 2428 2083 2515 el·

803 2558 1006 2679 lipticum
1064 2565 1152 2650 stue
1207 2564 1526 2676 hyperbolicum
1573 2558 1816 2671 fimpliciter
1864 2563 2086 2674 exprimat.

802 2687 972 2780 Deinde
987 2752 990 2760 ·
1003 2690 1096 2781 fier-i
1130 2694 1292 2805 potest,
1324 2712 1375 2779 ut
1405 2684 1607 2795 integrale
1635 2690 1740 2774 binis
1761 2688 1915 2773 constet
1954 2690 2086 2799 parti·

803 2820 897 2925 bur,
910 2818 1038 2905 altera
1070 2819 1325 2925 algebraier,
1354 2814 1486 2900 altera
1522 2834 1701 2901 arcum·
1717 2813 1804 2902 fine
1848 2804 2086 2927 ellipticum
2242 2877 2243 2910 t

807 2946 897 3034 srue
929 2946 1246 3059 hyperbolicum
1275 2946 1550 3059 exprimente
1613 2944 1822 3057 Praeterea
1841 2947 2089 3067 ternariam
2178 3011 2180 3022 .
2242 2913 2243 2986 ἦ

807 3078 1013 3165 eiusmodi
1041 3078 1192 3163 dantur
1223 3074 1334 3159 casus
1364 3074 1512 3184 quibus
1540 3074 1740 3179 integrale
1771 3094 1923 3162 neutro
1951 3079 2089 3166 'modo
2242 3143 2243 3172 t

808 3206 997 3295 exhiberi
1031 3210 1175 3314 potest,
1205 3203 1268 3287 sed
1298 3219 1459 3314 praeter
1491 3220 1651 3316 partem
1684 3203 1954 3313 algebraicar‘n
1980 3211 2090 3296 duos

808 3358 929 3425 arcus
961 3328 1143 3417 alterum
1175 3328 1430 3443 ellipticum,
1460 3332 1641 3420 alterum
1672 3332 1993 3447 hyperbolicum
2024 3360 2094 3423 re·
2242 3343 2243 3352 '

781 3490 957 3609 ‚quirit
1023 3488 1076 3579 In
1109 3488 1349 3577 tractatione
1380 3494 1510 3601 igitur
1540 3491 1746 3615 formulae
1763 3465 2099 3613 [ὀκνῇ-,ἔξ
2242 3493 2243 3496 ¹

813 3632 869 3719 ob
898 3632 1017 3719 islam
1038 3634 1282 3722 varietatem
1299 3634 1463 3720 Austor
1478 3636 1642 3723 coenus
1664 3642 1719 3726 est
1736 3640 1953 3727 duodecim
1980 3642 2099 3726 casus
2242 3637 2243 3640 ‘

816 3762 1062 3849 constituere
1082 3827 1095 3872 ,
1128 3788 1230 3876 quos
1269 3758 1451 3869 fingulos
1468 3769 1639 3879 operoso
1662 3766 1823 3867 calculo
1847 3773 1905 3855 ita
1920 3767 2097 3857 feliciter

814 3891 1063 4007 expediuit,
1095 3909 1145 3977 ut
1176 3896 1261 3980 iam
1292 3892 1408 3981 facile
1440 3894 1519 4005 stt,
1551 3914 1813 4011 quaecunque
1846 3905 2099 4011 quantitates
2242 3939 2243 3982 ;

810 4021 965 4143 litterit
984 4022 1024 4137 s
1034 4085 1048 4129 ,
1070 4046 1133 4134 g,
1166 4019 1224 4132 h,
1257 4024 1283 4111 k
1313 4023 1600 4135 defignentur,
1617 4026 1816 4137 integrale
1833 4026 2098 4116 concellael‘-

798 4148 987 4265 ‚lipfium
1004 4171 1049 4237 et
1067 4149 1392 4265 hyperbolarum
1409 4154 1700 4243 rectificatione
1716 4160 1918 4267 affignare
1943 4158 2099 4281 Saepe·

809 4305 997 4369 ,numero
1026 4300 1166 4369 autem
1198 4286 1366 4373 euenire
1396 4288 1559 4398 potest,
1587 4306 1637 4372 vt
1669 4289 1873 4375 formulae
1909 4291 2099 4401 integra·

688 4440 709 4451 ’·
815 4408 878 4500 les
906 4405 1046 4497 multo
1077 4415 1210 4523 magis
1240 4414 1509 4527 complicatae
1541 4443 1619 4529 ope
1651 4420 1986 4507 substitutionum
2002 4426 2098 4510 ido-

723 4530 729 4541 ’
817 4556 995 4629 nearum
1027 4541 1079 4628 ad
1110 4540 1242 4631 talem
1269 4544 1450 4633 sormam
1481 4547 1651 4661 perduci
1683 4567 1851 4665 queant,
1865 4554 2011 4668 quibus
2026 4577 2101 4635 er·

1859 4715 1864 4723 .
2014 4692 2105 4794 no
